1876 3480
159 134 233 208 taus
264 164 266 169 ¹
331 159 358 204 a.
379 156 507 204 ovrnn
524 122 793 225 unscnrc'·5f'⁷⁵
808 139 811 143 ’
830 40 934 185 ἠ

153 270 274 318 orantem
287 258 400 331 accepit,
416 266 475 313 tum
485 274 572 330 quum
582 255 653 312 levis
663 257 755 326 insula
765 254 895 316 nabat
911 304 915 309 .
931 262 934 277 '

98 349 137 392 335
151 337 211 392 ΙΙΙί3
222 335 384 390 incumbens
394 351 458 388 cum
467 332 586 388 Palladis
597 333 693 389 arbore
702 333 817 406 palma'e‘
888 340 891 345 '
907 332 926 393 ³-.

153 410 334 468 ediditinvita
344 410 469 483 geminos
480 409 580 463 Latona
591 425 738 475 noverca,
770 444 774 448 -
891 408 934 465 ’,ῑ

83 486 86 493 ’
153 488 222 542 Hinc
235 502 345 558 quoque
355 486 484 540 lunonem
500 483 605 558 fugisse
615 480 855 556 puerpera‘ler'tnr,
928 506 934 525 ι’

153 564 236 633 inque
246 578 296 615 suc
307 569 427 632 portasse
437 560 500 614 sinu
510 559 565 614 duo
576 560 698 623 numina,
713 567 818 615 natos„

152 640 262 709 iamque
279 632 504 698 Chimaeriferae,
524 651 611 707 quum
630 634 671 690 sol
689 635 785 708 gravis
807 642 891 693 ureret
913 664 929 715 ².

447 750 451 756 ,
645 727 720 774 arva,
915 742 918 747 -

97 796 137 842 atu
154 786 255 842 finibus
265 786 294 840 in
304 785 403 858 Lyciae
415 784 495 858 longo
504 782 555 838 ‹lea
566 781 637 840 fessa
651 783 743 852 labere
786 837 790 845 ,
857 788 860 793 “

153 863 261 918 sidereo
271 861 371 916 siccata
381 860 456 914 sitim
467 857 579 914 colleoit
588 859 623 919 ab
633 867 725 915 aestu:
889 914 893 919 ,

156 938 294 1008 uberaque
305 934 446 990 ebiberant
455 901 669 991 avidilactantia
679 935 747 991 nati.
771 932 800 996 ’,
848 934 851 939 '

154 1015 232 1068 Forte
243 1010 333 1066 lacum
343 1009 490 1065 mediocris
500 1027 588 1082 aquae
598 1010 741 1083 prospexit
751 1010 860 1067 in'imis·
889 1010 894 1025 '

155 1086 284 1143 vallibus.
316 1084 445 1159 Agrestas
454 1083 514 1140 illic
524 1084 653 1142 fruticosa
666 1085 813 1159 legebant*
890 1094 893 1099 '
932 1088 934 1099 '

97 1171 136 1220 335
151 1162 255 1218 vimina
265 1177 329 1216 cum
339 1161 431 1216 iuncis
441 1168 601 1234 gratamque
611 1159 762 1234 paludibus
773 1161 874 1220 ulrum.

152 1237 285 1300 Accessit,
297 1236 442 1308 positoque
451 1252 525 1309 genu
536 1237 641 1292 Titania
653 1244 753 1291 terram
783 1242 786 1247 '

151 1313 261 1386 pressit,
273 1320 304 1366 ut
314 1312 436 1367 hauriret
445 1309 553 1384 gelidos
566 1319 662 1384 potura
674 1309 808 1383 liquores.

150 1389 260 1443 Rustica
271 1386 351 1443 turba
360 1395 442 1443 vetat.
476 1387 530 1442 Dea
542 1387 584 1455 sic
593 1386 671 1443 allata
682 1395 821 1444 vetantes:

153 1463 239 1532 “Quid
248 1463 401 1536 prohibetis
412 1461 511 1535 aquis?
520 1463 592 1518 Usus
602 1463 892 1538 communisaquaruna

646 1546 697 1593 est.

98 1627 137 1669 350
151 1615 207 1668 Nec
220 1613 306 1668 solem
316 1614 458 1685 proprium
472 1621 577 1677 natura,
589 1629 640 1668 nec
652 1615 712 1668 aera
728 1613 803 1679 fecit,
860 1678 864 1685 Ι

153 1705 203 1743 nec
213 1696 309 1742 tenues
320 1687 421 1742 undas:
434 1688 468 1743 ad
482 1687 593 1760 publica
604 1705 717 1744 munera
729 1691 804 1744 veni.

153 1763 228 1829 Quae
234 1772 323 1818 tamen
328 1761 444 1827 utdetis,
451 1763 648 1836 supplexpeto.
658 1765 718 1819 Non
729 1781 781 1839 ego
792 1772 892 1820 nosnos

152 1838 263 1894 abluere
274 1837 320 1892 hic
329 1847 413 1902 artus,
429 1838 584 1912 lassataque
594 1840 715 1895 membra
726 1840 866 1912 parabam,

152 1915 200 1969 sed
210 1913 330 1969 relevare
340 1914 425 1968 sitim.
457 1913 535 1970 Caret
543 1931 574 1970 os
585 1915 699 1970 bumcra
710 1914 859 1987 loquentis,

98 2003 136 2046 355
152 2000 178 2046 et
189 1989 281 2046 fauces
291 1996 376 2054 arent,
389 1989 493 2061 vixque
503 2000 544 2046 est
554 1991 598 2045 via
610 1991 685 2046 vocis
694 1991 723 2044 in
735 1990 806 2046 iilis.

154 2069 271 2122 Haustus
281 2081 367 2136 aquae
378 2065 447 2120 mibi
458 2073 550 2121 nectar
560 2066 621 2132 erit,
637 2067 780 2138 vitamque
795 2066 895 2123 fatebor

155 2142 292 2214 accepisse
305 2139 403 2195 simul:
418 2141 501 2195 vitam
512 2141 643 2197 dederitis
654 2144 683 2196 in
694 2141 780 2198 unda.

155 2219 187 2272 iii
198 2233 308 2290 quoque
314 2234 363 2271 vos
369 2224 504 2281 moveant,
511 2220 561 2289 qui
567 2226 658 2273 nostro
664 2216 777 2273 brachia
783 2217 897 2274 tendunt

155 2309 237 2363 parva
248 2289 337 2346 siant
366 2291 399 2347 Et
409 2309 474 2346 casu
485 2292 634 2348 tendebant
648 2292 762 2349 brachia
773 2293 843 2350 nati.

99 2377 138 2420 333
153 2366 240 2431 Quem
251 2384 305 2422 non
316 2367 415 2422 blanda
426 2367 492 2423 deae
507 2369 661 2440 potuissent
673 2367 758 2423 verba
768 2365 897 2425 movere?

155 2442 185 2494 tii
196 2451 285 2496 tamen
299 2451 421 2498 orantem
430 2452 551 2514 perstant
561 2443 716 2516 probibere,
727 2444 884 2517 minasque,

157 2519 182 2568 ni
197 2515 289 2586 procul
299 2517 435 2582 abscedat,
448 2519 627 2591 conviciaque
636 2521 752 2591 insuper
762 2518 879 2576 addunt.

155 2593 209 2644 Nec
220 2592 286 2645 satis
297 2602 351 2648 est:
373 2594 449 2664 ipsus
459 2596 541 2650 etiam
552 2593 727 2667 pedibusque
738 2612 880 2669 manuque

156 2666 299 2722 turbavere
310 2667 395 2732 lacus,
408 2672 519 2741 imoque
530 2687 545 2724 e
557 2671 667 2742 gurgite
677 2669 790 2725 mollem
