1876 3480
119 155 169 208 ‘l'll
204 122 206 127 Α
315 159 343 207 1’.
364 156 491 205 ovum
509 156 679 204 NASONIS

120 262 252 319 nominat.
282 260 332 317 Est
341 261 423 316 etiam
433 259 558 315 diversae
567 258 667 317 tertius
678 261 746 316 artis

120 340 281 394 Phantasos.
314 335 364 392 llle
374 337 404 391 in
417 335 534 390 humum
545 338 644 391 saxum
666 352 700 391 ue
712 336 865 410 undamque

617 418 657 466 tra
679 429 789 485 emque,

122 504 248 562 quaeque
260 495 358 543 vacant
369 488 459 542 anima
469 485 603 542 fallaciter
612 487 704 542 omnia
715 489 822 543 transit.

121 564 244 638 Regibus
255 564 284 617 hi
295 563 470 634 ducibusque
480 578 545 617 suos
555 562 700 617 ostendere
711 562 806 618 vultus

67 649 106 695 655
121 649 199 696 nocte
209 639 306 702 solent,
324 638 442 710 populos
452 637 500 693 alii
511 636 678 711 plebemque
688 646 839 710 pererrant.

122 715 253 771 Praeterit
264 715 314 769 hos
324 713 429 778 senior,
442 713 605 785 cunctisque
616 729 630 767 e
641 711 776 768 iratribus
786 731 868 769 unum

122 786 869 863 Morphea,quiperagathaumantidosedita,Somnus

123 868 214 942 eligit3
228 874 254 921 et
264 880 359 920 rursus
370 863 448 920 molli
459 864 589 939 languore
600 863 708 919 solutus

124 942 307 1014 deposuitque
317 948 400 1014 caput
410 947 548 1012 stratoque
559 939 713 994 recondidit
724 937 789 995 alto.

70 1030 110 1073 656
124 1019 173 1073 lile
184 1016 258 1073 volnt
267 1015 359 1072 nullos
370 1015 501 1088 strepitus
512 1014 677 1070 iacientibus
690 1014 744 1070 alis

126 1110 175 1167 per
185 1093 321 1157 tenebras,
332 1093 460 1164 intraque
470 1106 562 1146 morae
572 1090 656 1220 brege
667 1097 779 1163 tempus
788 1090 819 1146 iu
828 1108 873 1147 ur·

639 1182 683 1220 em

128 1245 253 1316 pervenit
262 1243 449 1306 Haemoniam,
462 1241 616 1315 positisque
626 1258 641 1296 e
652 1258 768 1315 corpore
777 1242 874 1315 penms

126 1319 264 1374 infaciem
276 1318 373 1392 (laycis
383 1316 453 1384 abit,
471 1324 617 1390 sumtaqne
628 1316 716 1392 ligura

129 1395 246 1458 luridus,
258 1393 380 1449 exanimi
392 1391 503 1466 similis,
515 1393 575 1448 sine
586 1392 712 1449 vestibus
721 1392 800 1458 ullis,

74 1484 112 1527 655
127 1471 255 1544 coniugis
265 1477 327 1525 ante
337 1477 427 1524 torum
436 1469 553 1524 miserae
563 1469 648 1524 stetit.
679 1466 738 1524 Uda
749 1468 860 1525 videtur

128 1546 212 1602 barba
219 1547 283 1610 viri,
294 1545 471 1618 madidisque
496 1540 660 1600 rarisflu'sre
671 1540 746 1600 unda
757 1544 875 1618 capillis.

131 1625 200 1677 Turn
212 1621 281 1676 lecto
291 1620 466 1684 incumbens,
476 1561 543 1675 fletu
554 1636 638 1692 super
647 1637 692 1675 ora
703 1619 818 1692 profuso

59 1763 62 1768 ‚
129 1698 196 1753 haec
207 1698 258 1752 ait:
281 1696 429 1770 »Agnoscis
436 1695 541 1769 Ceyca,
554 1696 708 1750 miserrima
719 1695 843 1751 coniux?

131 1792 165 1829 an
175 1790 234 1827 mea
244 1781 346 1827 mutata
357 1780 398 1827 est
409 1771 493 1826 iacies
504 1770 589 1826 nece?
608 1771 738 1843 Respice!
752 1786 859 1835 nosces,

76 1861 115 1906 666
131 1848 313 1920 inveniesque
323 1856 371 1902 tuo
378 1864 430 1919 pro
441 1848 559 1921 coniuge
569 1847 697 1920 coniugis
707 1847 846 1903 umbram.

131 1924 175 1979 Nil
188 1924 258 1995 opis,
271 1923 417 1997 Halcyone,
431 1922 510 1977 nobis
524 1930 569 1979 tua
582 1929 643 1978 rota
653 1920 787 1978 tulerunt.

132 2000 305 2055 (incidimus
324 1998 393 2054 falso
403 1998 455 2053 tibi
465 2014 509 2052 me
520 1999 678 2071 promittere
688 1997 757 2053 noli.

133 2075 252 2131 Nubilus
264 2074 370 2148 Aegaeo
381 2073 527 2147 deprendit
536 2075 566 2130 in
576 2090 695 2147 aequore
707 2075 803 2130 navim

132 2161 232 2215 auster,
245 2159 272 2205 et
281 2150 387 2225 ingenti
399 2151 523 2206 iactatam
535 2147 646 2205 flamine
655 2148 755 2206 solvit:

78 2240 117 2282 665
132 2244 234 2301 oraque
246 2235 346 2291 nostra,
358 2235 437 2281 tuum
447 2225 547 2281 frustra
559 2225 703 2282 clamantia
715 2242 826 2290 nomen,

135 2303 287 2375 implerunt
296 2301 406 2358 lluctus.
436 2303 496 2357 Non
507 2302 575 2357 haec
585 2302 637 2358 tibi
648 2301 758 2358 nuntiat
767 2311 862 2358 auctor

136 2379 293 2453 ambiguus,
306 2396 359 2434 non
370 2379 421 2433 ists
435 2377 512 2452 vagis
523 2378 681 2434 rumoribus
693 2377 789 2433 audis:

136 2457 196 2527 ipse
208 2473 258 2529 ego
270 2454 323 2510 lata
334 2455 385 2509 tibi
399 2471 529 2528 praesens
541 2471 601 2510 mea
611 2451 764 2528 naufragus
775 2453 836 2510 edo.

134 2528 883 2604 Surge,age,dalacrimas,lugubriaquoinduenecme

81 2616 120 2658 67⁰
135 2605 337 2677 indeploratum
350 2607 403 2661 sub
414 2608 506 2661 inania
517 2608 626 2662 Tartara
637 2606 740 2661 mitte«

129 2681 292 2741 Adlicitbis
303 2699 401 2741 vocem
408 2682 572 2758 blorpbeus,
590 2682 810 2755 quamconiugls
821 2680 867 2736 illa
