1876 3480
122 188 155 242 tt
308 191 336 236 P.
357 190 485 239 OVIDII
503 189 671 237 Nasonis

58 287 62 299 '
122 293 227 350 moenia
239 300 310 348 mota
321 290 419 347 forent.
439 291 559 363 Serpens
567 288 865 361 sinevulnercmausit

121 370 277 440 loricaeque
286 367 367 423 modo
377 367 501 439 squamis
514 365 645 422 defensus
656 375 683 422 et
692 373 766 422 atrae

122 444 223 499 duritia
233 442 315 515 pellis
325 443 433 499 validos
444 451 506 498 cute
516 442 620 514 repulit
628 443 710 497 ictus.

67 531 92 575 tt
121 518 155 575 rit
165 536 219 573 non
230 518 331 574 duritia
341 518 462 574 iaculum
476 534 587 590 quoque
601 518 669 573 vicit
682 516 787 582 eadem,

121 594 194 666 quod
205 593 296 648 medio
306 593 396 649 lentae
409 594 505 666 spinae
515 594 675 648 curvamine
686 592 773 648 fixum

122 669 252 734 constitit,
263 677 290 723 et
300 677 354 725 toto
364 668 507 723 descendit
516 669 544 723 in
555 668 604 723 ilia
617 667 699 724 ferro.

122 745 181 810 lile,
193 744 286 799 dolore
296 743 382 809 ferox,
395 751 477 815 caput
487 744 516 798 iu
527 760 576 797 sua
587 750 663 817 terga
673 744 791 808 retorsit,

121 820 291 891 vulneraque
301 818 438 890 adspexit,
446 818 588 890 fixumque
598 818 697 873 hastile
707 817 866 873 momordit.

65 905 92 949 to
120 896 207 968 quue
218 895 267 949 ubi
277 895 306 949 vi
317 894 403 950 multa
414 901 519 965 partem
529 892 658 948 labefecit
667 893 697 948 iu
707 910 827 958 omnem,

122 973 172 1027 vix
182 979 259 1043 tergo
269 969 385 1041 eripuit:
403 967 506 1024 ierrum
516 976 608 1023 tamen
618 968 729 1024 ossibus
743 968 847 1024 haeret.

123 1047 193 1102 Tum
203 1061 277 1109 vero,
293 1053 438 1117 postquam
449 1043 544 1100 solitas
556 1044 672 1101 accessit
681 1044 717 1100 ad
726 1045 781 1100 iras

122 1137 218 1176 caussa
227 1137 332 1185 recens,
347 1120 439 1191 plenis
448 1127 608 1177 tumuerunt
617 1127 727 1194 guttura
737 1121 827 1185 venis,

121 1211 274 1268 spumaque
283 1194 428 1266 pestiferos
438 1193 605 1251 circumfluit
615 1194 707 1250 albida
716 1196 812 1260 rictus,

66 1281 93 1325 tt
122 1278 246 1341 terraque
257 1287 317 1324 rasa
327 1277 405 1325 sonat
413 1271 548 1343 squamis,
561 1271 666 1343 quique
677 1269 781 1326 halitus
791 1272 850 1326 exit

122 1362 168 1400 ore
178 1345 258 1417 niger
269 1344 374 1419 Stygio,
388 1347 496 1401 uicinas
508 1345 598 1401 inlicit
607 1362 700 1401 auras.

122 1421 183 1493 lpse
196 1419 277 1475 modo
287 1420 454 1477 immensum
464 1420 549 1493 spiris
559 1420 726 1476 iacientibus
734 1419 830 1476 orbem

123 1496 254 1569 cingitur,
267 1496 405 1552 interdum
418 1495 500 1571 longa
510 1495 588 1552 trabs
597 1498 696 1552 rectior
706 1503 805 1552 exstat.

121 1572 224 1642 impete
235 1587 309 1626 nunc
317 1580 395 1628 vasto
405 1589 456 1628 ceu
466 1573 591 1629 concitus
601 1571 741 1628 imbribus
753 1571 844 1627 amnis

67 1657 93 1699 tu
122 1644 216 1710 fertur,
230 1655 256 1701 et
265 1645 405 1701 obstantes
414 1647 557 1720 proturbat
567 1655 675 1720 pectore
685 1647 781 1702 silvas.

122 1719 200 1777 Cedit
211 1718 380 1792 Agenorides
393 1722 517 1793 paulum,
528 1722 674 1794 spolioque
685 1721 773 1777 leonis

123 1795 241 1850 sustinet
253 1796 391 1862 incursus,
406 1796 592 1868 instantiaque
601 1814 647 1852 ora
657 1796 775 1852 retardat

124 1868 239 1941 cuspide
249 1879 399 1941 praetenta.
427 1872 506 1927 Furit
517 1872 576 1935 itte,
588 1880 615 1927 et
624 1872 716 1927 inania
727 1871 797 1926 duro

124 1944 238 2000 vulnera
249 1944 295 2000 dat
305 1945 386 2010 ferro,
398 1945 514 2019 figitque
525 1947 554 2002 iu
567 1947 695 2002 acumine
704 1946 812 2002 dentes.

67 2031 93 2075 tt
121 2020 233 2092 lamque
243 2020 403 2076 venenifero
412 2023 526 2094 sanguis
537 2038 646 2077 manare
657 2021 747 2093 palato

122 2104 248 2168 coeperat
257 2105 284 2151 et
294 2095 399 2152 virides
405 2094 572 2169 adspergine
585 2098 703 2152 tinxerat
712 2095 826 2150 herbas:

122 2171 170 2227 aed
182 2172 242 2228 leve
254 2171 357 2228 vulnus
368 2179 434 2235 erat,
452 2172 518 2242 quia
530 2189 561 2227 se
570 2170 725 2228 retrahebat
734 2170 769 2226 ab
779 2170 836 2225 ictu

123 2245 252 2319 laesaque
262 2247 332 2303 colla
342 2246 424 2302 dabat
432 2256 513 2311 retro,
524 2246 690 2320 plagamque
701 2245 797 2301 sedere

122 2321 243 2377 cedendo
253 2323 370 2388 arcebat,
386 2339 437 2377 nec
447 2321 558 2396 longius
569 2323 609 2376 ire
619 2320 742 2376 sinebat:

68 2406 94 2450 tu
122 2395 210 2451 donec
219 2398 388 2470 Agenorides
401 2399 556 2453 coniectum
566 2397 596 2451 in
609 2405 720 2470 gutture
731 2394 836 2450 ferrum

124 2487 213 2542 usque
224 2489 342 2543 sequens
353 2474 462 2545 pressit,
479 2473 546 2529 dum
556 2480 628 2527 retro
638 2487 757 2542 quercus
768 2469 846 2525 eunti

122 2546 238 2608 obstitit,
251 2555 277 2600 et
289 2547 340 2602 trra
352 2557 393 2602 est
403 2549 504 2619 pariter
514 2565 578 2603 cum
587 2545 684 2600 mbore
695 2545 800 2600 cervix.

123 2620 246 2677 Pondere
256 2623 391 2691 serpentis
400 2632 511 2678 curvata
522 2630 563 2678 est
575 2621 670 2685 arbor,
682 2630 710 2676 et
720 2621 792 2676 imao

112 2692 338 2770 partellagellari
347 2697 456 2772 gemuit
467 2714 519 2754 sua
527 2696 626 2755 robora
633 2694 748 2752 caudae.

446 2926 462 2990 l
