1876 3480
123 183 172 235 300
314 186 345 232 n.
366 184 493 245 ovrnn
511 183 681 233 uasorrrs

121 288 407 356 Felixmortesuaest3
421 295 809 363 necte,meanata,psrenrtam

122 364 250 438 adspicit,
264 371 290 419 et
300 363 385 420 vitam
395 364 497 435 pariter
507 380 682 439 regnumque
693 363 808 436 reliquit.

120 442 164 506 ht,
177 448 253 513 puto,
270 438 415 495 funeribus
427 438 565 505 dotabere,
582 440 659 514 regia
670 439 758 514 virgo,

122 515 310 588 condeturque
321 524 400 571 tuum
412 515 598 571 monumentis
609 532 712 587 corpus
726 516 810 571 avitis.

67 603 106 648 505
120 593 181 648 Non
192 591 260 648 baec
270 600 312 648 est
322 590 430 647 fortuna
441 590 550 647 domus.
577 590 642 646 Tibi
653 608 766 647 munera
777 590 850 645 matris

122 669 281 743 contingent
291 665 370 723 lletus
381 668 599 742 peregrinaeque
608 665 727 722 haustus
737 683 833 722 arenae.

123 742 222 801 Omnia
233 741 420 817 perdidimus:
438 750 578 815 superest,
595 759 646 798 cur
661 743 754 799 vivere
765 751 850 813 tempu

121 821 151 875 in
162 820 246 875 breve
256 820 417 884 sustineam,
435 817 526 891 proles
539 818 698 893 gratissima
708 818 794 881 matri,

123 912 197 951 nunc
206 895 292 961 solus,
304 893 443 968 quondam
454 895 586 949 minimus
597 892 631 948 de
642 894 730 967 stirpe
740 891 819 959 virili,

68 983 106 1026 530
122 971 173 1027 has
182 971 262 1027 datus
272 971 387 1027 Ismario
396 970 456 1044 regi
466 969 618 1043 Polydorus
629 969 659 1024 in
669 986 741 1025 oras.

124 1045 197 1115 Quid
210 1063 301 1102 moror
310 1047 413 1102 interea
425 1044 546 1101 crudelia
558 1043 675 1101 vulnera
686 1043 805 1119 lymphis

123 1122 244 1187 abluere,
256 1130 283 1177 et
292 1137 402 1194 sparsos
413 1121 514 1176 immiti
527 1121 664 1194 sanguine
674 1117 802 1177 vultus‘lr

122 1198 207 1264 Dixit,
221 1206 247 1253 et
256 1196 290 1252 ad
301 1196 379 1252 littus
390 1213 474 1270 passu
484 1196 619 1269 processit
629 1195 709 1261 anili,

125 1273 247 1329 albentes
259 1270 374 1328 lacerata
385 1288 486 1328 comas.
520 1272 609 1337 allate,
621 1271 751 1336 Tmades,
764 1284 850 1324 urnam

70 1360 107 1404 535
122 1349 229 1405 dixerat
239 1346 348 1413 infelix,
361 1345 483 1420 liquidas
494 1348 618 1403 hauriret
627 1355 658 1402 ut
667 1346 769 1402 undas:

124 1424 242 1498 adspicit
253 1424 372 1480 eiectum
382 1421 511 1498 Polydori
521 1425 549 1478 in
564 1423 654 1479 littore
665 1439 774 1496 corpus,

126 1500 250 1573 iactaque
261 1499 398 1556 Threiciis
407 1499 531 1574 ingentia
542 1497 658 1555 vulnere
669 1498 743 1555 telis.
802 1566 805 1573 Ι

125 1575 243 1632 Troades
255 1573 422 1631 exclamant:
440 1575 579 1630 obmutuit
588 1573 637 1630 illa
648 1572 750 1637 dolore,

125 1662 151 1707 et
160 1653 262 1724 pariter
273 1669 367 1707 vocem
378 1650 562 1723 lacrimasque
572 1650 708 1706 introrsus
719 1649 819 1705 obortas

70 1735 108 1782 rto
124 1728 235 1784 devorat
245 1728 306 1799 ipse
314 1727 401 1793 dolor,
414 1725 538 1799 duroque
548 1725 693 1781 simillima
704 1741 769 1781 saxo

125 1812 221 1875 torpet,
235 1812 261 1857 et
275 1803 390 1858 adversa
401 1802 461 1876 figit
471 1802 552 1858 modo
563 1801 667 1857 lumina
679 1811 762 1869 terra;

126 1878 264 1934 interdum
276 1887 368 1934 torvos
379 1876 487 1934 extollit
498 1877 532 1932 ad
542 1877 651 1933 aethera
663 1876 767 1940 vultus,

125 1971 198 2010 nunc
208 1955 292 2028 positi
302 1962 407 2026 spectat
418 1952 540 2018 vultum,
556 1970 630 2007 nunc
646 1950 826 2011 vulnerandi,

126 2029 240 2086 vulnera
253 2031 410 2103 praecipue,
423 2046 508 2100 seque
519 2037 604 2084 armat
616 2037 643 2083 et
653 2028 766 2083 instruit
774 2028 818 2080 ira.

71 2113 110 2159 tto
126 2104 184 2174 Qua
198 2105 281 2161 simul
294 2107 406 2170 exarsit,
423 2114 553 2177 tanquam
564 2104 659 2178 regina
669 2111 797 2164 maneret,

127 2182 224 2238 ulcisci
234 2182 339 2246 statuit,
352 2197 511 2253 poenaeque
521 2182 551 2234 in
561 2179 684 2253 imagine
695 2188 749 2234 tota
763 2186 809 2232 est.

128 2259 216 2332 thue
228 2255 295 2313 furit
305 2256 395 2312 catulo
406 2255 521 2311 lactente
531 2254 623 2310 orbata
635 2254 738 2319 leaena,

126 2335 259 2407 signaque
269 2339 347 2389 nacta
358 2331 462 2404 pedum
472 2331 612 2404 sequitur,
630 2348 715 2402 quem
726 2347 778 2385 non
788 2325 849 2381 videt

621 2406 744 2462 hostem:

126 2484 166 2537 sic
176 2485 297 2548 Hecube,
313 2492 459 2556 postquam
470 2500 533 2537 oum
544 2482 619 2536 luctu
630 2482 744 2536 miscuit
754 2482 826 2540 iram,

73 2568 111 2610 550
127 2575 180 2612 non
191 2559 276 2614 oblita
286 2560 450 2623 animorum,
463 2574 596 2611 annorum
607 2556 692 2612 oblita
706 2573 823 2617 suorum,

127 2633 201 2687 vadit
211 2633 245 2688 ad
256 2633 387 2689 artificem
399 2633 484 2698 dirae,
496 2632 693 2706 Polymestore,
706 2631 805 2691 caedis,

122 2707 356 2785 colloquiumque
369 2711 456 2783 petit:
469 2725 536 2761 nam
547 2717 738 2762 semenstrare
749 2706 850 2761 relictus
