1876 3480
146 137 196 193 d'll
339 144 366 187 P.
387 143 516 189 ovmn
534 141 706 188 Nunoms

144 247 202 302 Nec
212 247 286 301 vires
296 252 388 300 tamen
402 243 451 299 bas
463 243 553 299 rabies
563 250 726 315 superasset
736 258 879 316 equorum,

147 322 177 376 ni
188 330 255 384 rota,
268 330 433 393 perpetuum
445 336 515 392 quae
526 319 760 374 circumvolvitur
769 335 858 382 axem,

145 397 249 469 stipitis
260 413 376 451 occursu
390 394 472 450 lracta
486 413 518 450 ac
530 395 646 449 disiecta
657 394 769 450 fuisset.

146 472 279 527 Excutior
291 489 388 535 curru,
412 470 533 543 lorisque
543 471 704 525 tenentibus
715 479 792 526 artus

89 559 129 601 525
145 549 251 602 viscera
261 548 326 602 viva
337 547 419 610 trahi,
437 563 535 601 nervos
547 547 574 600 in
586 547 673 618 stirpe
688 547 788 611 teneri,

146 623 270 679 membra
281 623 340 694 rapi
352 621 461 694 partim,
476 622 576 693 partim
586 635 719 692 reprensa
731 621 862 693 relinqui,

145 717 207 754 ossa
218 715 331 772 gravem
342 697 406 752 dare
414 696 496 752 fracta
503 714 612 761 sonum,
627 697 788 768 lessamque
796 695 897 751 videres

147 773 270 829 exhalari
281 774 411 837 animam,
424 772 572 844 nullasque
583 773 611 826 in
623 789 739 844 corpore
750 782 851 844 partes,

146 867 259 904 noscere
270 866 339 921 quas
350 866 459 919 posses;
473 847 896 920 unumquceratomniavulnus-

90 936 130 977 stu
144 926 216 980 Num
227 933 305 996 potes
317 933 364 979 aut
376 923 462 978 audes
473 923 545 978 cladi
557 940 725 995 componere
737 933 854 986 nostrae,

145 1000 277 1074 nympha,
290 998 384 1056 tuam‘l
402 999 465 1054 Vidi
477 1016 588 1071 quoque
600 997 662 1053 luce
673 999 799 1055 carentia
809 1015 895 1072 regna,

147 1084 174 1130 et
185 1075 305 1131 lacerum
322 1074 377 1130 lovi
388 1073 619 1148 Phlegethontide
629 1091 733 1146 corpus
744 1074 775 1130 in
786 1072 870 1129 unda:

148 1168 199 1206 neo
211 1151 265 1204 nisi
275 1151 437 1222 Apollineae
449 1149 541 1205 valido
551 1149 738 1204 medicamine
749 1148 835 1221 prolis

147 1225 315 1281 redditavita
332 1225 409 1281 loret.
428 1224 799 1297 Quampostquamlortibus
810 1223 897 1279 herbis

90 1312 129 1354 535
145 1311 228 1374 atque
238 1318 289 1372 ope
299 1301 426 1361 Paeonia.
442 1302 502 1355 Dite
513 1300 686 1374 indignante,
700 1301 808 1373 recepi;

146 1386 205 1432 tum
216 1377 297 1442 mihi,
315 1394 348 1431 ne
360 1394 490 1447 praesens
500 1393 631 1448 augerem
643 1376 771 1431 muneris
782 1374 865 1431 huius

146 1453 292 1516 invidiam,
305 1452 404 1507 densas
415 1452 518 1519 obiecit
529 1450 646 1525 Cynthia
659 1453 766 1520 nubes3

146 1537 232 1600 utque
244 1528 329 1582 lovem
341 1536 427 1591 tutus,
441 1544 607 1599 possemque
620 1528 736 1598 impune
747 1526 847 1589 videri,

146 1603 254 1659 addidit
264 1612 393 1665 aetatem,
410 1620 460 1657 nec
471 1601 661 1676 cognoscenda
676 1601 793 1674 reliquit

90 1686 128 1731 atu
143 1696 190 1734 ora
202 1679 285 1747 mihi;
304 1679 457 1750 Cretenque
469 1678 517 1732 diu
529 1678 668 1732 dubitavit
680 1677 836 1732 habendam

148 1755 274 1819 traderet,
287 1771 321 1809 an
332 1755 428 1808 Delon.
459 1753 525 1807 Delo
537 1754 672 1825 Cretaque
685 1753 792 1808 relictis

148 1830 193 1884 hic
200 1830 302 1901 posuit,
310 1829 567 1901 nomenquesimul,
580 1829 655 1900 quod
667 1829 757 1900 possit
769 1843 896 1900 equorum

146 1905 332 1969 admonuisse,
345 1905 423 1960 iubet
433 1905 580 1975 deponere,
592 1903 717 1975 ‘Quique
729 1903 809 1958 luisti

145 1980 320 2054 Hippolytus,
333 1980 414 2043 dixit,
429 1998 502 2034 nunc
513 1980 586 2033 idem
597 1980 713 2034 Virbius
725 1978 804 2034 esto?

89 2063 127 2107 545
145 2057 201 2110 Hoc
212 2073 309 2109 nemus
321 2055 385 2110 inde
397 2057 465 2119 colo,
478 2055 622 2126 dedisque
634 2055 794 2109 minoribus
804 2071 872 2109 unus

146 2133 260 2185 numine
271 2132 324 2185 sub
335 2131 462 2186 dominae
478 2131 547 2185 lateo
560 2141 643 2202 atque
654 2148 807 2185 accenseor
817 2128 880 2184 illiu

180 2209 240 2261 Non
252 2216 342 2261 tamen
354 2208 469 2280 Egeriae
482 2207 572 2260 luctus
583 2205 673 2261 aliena
687 2206 781 2261 levare

145 2282 244 2336 damna
255 2281 361 2350 valent;
376 2285 532 2353 montisque
544 2284 637 2337 iacens
650 2282 797 2337 radicibus
808 2283 868 2336 imis

146 2357 262 2429 liquitur
272 2359 300 2412 in
314 2358 453 2422 lacrimas,
466 2358 553 2412 donec
564 2359 665 2430 pietate
674 2357 798 2413 dolentis

88 2443 127 2482 550
143 2441 214 2487 mota
225 2450 301 2487 soror
312 2434 415 2488 Phoebi
426 2432 552 2507 gelidum
567 2434 601 2488 de
615 2451 732 2506 corpote
745 2433 846 2489 fontem

145 2507 219 2572 lecit,
232 2518 259 2563 et
269 2517 392 2564 aeternas
403 2519 479 2565 artus
490 2510 615 2565 tenuavit
625 2510 653 2563 in
667 2508 771 2565 undas.

144 2585 178 2637 At
188 2583 325 2657 nymphas
336 2587 428 2659 tetigit
437 2602 508 2639 nova
519 2603 573 2651 res,
584 2595 611 2642 et
621 2587 764 2640 Amazone
776 2596 853 2641 natus

9 2694 25 2719 .-
45 2696 79 2784 ⁵
141 2659 217 2719 haud
230 2659 311 2718 aliter
322 2662 441 2736 stupuit,
452 2678 537 2734 quam
544 2678 632 2733 quum
642 2662 806 2735 Tyrrhenus
816 2670 894 2720 arator
