1876 3480
122 173 172 227 ato
316 180 343 223 Ρ.
364 179 491 223 ovrnrr
514 179 683 224 nastrum

120 280 264 354 unguibus
277 289 303 335 et
313 279 382 334 duro
393 279 489 333 nidum
500 280 553 333 sibi
567 281 706 335 construit
717 298 775 335 ore.
829 276 834 285 “

121 356 182 423 Quo
192 355 275 410 simul
288 373 319 410 nc
330 355 418 410 casias
429 365 456 410 et
464 354 544 409 ¹nardi
556 355 627 408 lenis
638 357 740 409 aristas

121 449 278 504 quassaque
289 448 352 485 cum
365 429 439 484 fulva
451 431 604 484 substravit
613 433 745 485 cinnama
757 430 839 504 myrrt

64 515 105 562 tut
120 525 150 562 se
164 507 376 578 superimponit,
395 507 510 576 tinitque
524 507 551 558 in
563 505 699 560 odoribus
711 525 819 561 aevum.

122 583 188 639 Inde
200 582 300 645 terunt,
318 581 431 636 totidem
445 582 494 652 qui
506 581 601 634 vivere
613 582 820 645 demetendos,

121 675 233 728 corpore
244 657 278 710 de
289 657 376 727 patrio
388 674 503 728 parvum
519 656 653 727 phoenica
666 658 785 712 renasci.

123 733 215 799 Quum
226 732 303 786 dedit
313 732 378 786 huio
389 742 462 787 aetas
470 734 551 794 vires,
564 734 701 804 onerique
709 732 838 786 serendoe

122 808 292 881 ponderibus
304 806 361 860 nidi
375 825 463 860 ramos
476 807 547 860 levat
557 807 666 861 arboris
678 808 760 872 altae,

66 892 105 938 tot
122 884 229 956 fertque
251 884 314 954 pius
335 900 476 954 cunasque
496 899 560 936 suas
579 884 761 955 patriumque
785 900 839 954 sept

623 958 737 1021 chrum,
829 1024 833 1030 .

124 1051 228 1105 perque
241 1032 315 1088 leves
326 1050 406 1087 auras
418 1033 581 1106 Hyperionis
594 1033 663 1087 urbe
675 1036 790 1104 potitus,

123 1118 184 1163 ante
196 1108 266 1163 fores
277 1126 368 1163 sacras
380 1109 543 1180 Hyperionis
553 1108 620 1161 aede
631 1111 754 1180 reponit.

124 1184 152 1238 Si
163 1194 252 1239 tamen
265 1194 306 1238 est
317 1184 424 1255 aliquid
437 1185 520 1237 mirae
533 1185 664 1238 novitatis
675 1185 706 1238 in
719 1186 790 1250 istis,

123 1258 256 1314 alternare
271 1261 346 1312 vices
360 1268 386 1313 et
396 1276 467 1330 quae
478 1258 558 1313 modo
574 1259 675 1313 femina
689 1271 768 1334 tergo

66 1342 106 1388 tto
124 1352 202 1406 passa
211 1352 312 1389 marem
320 1344 370 1397 est,
384 1350 524 1388 nuncesse
535 1351 637 1388 marem
650 1338 787 1389 miremur
797 1335 839 1409 hya

622 1428 697 1464 nam.

126 1486 153 1539 id
166 1504 287 1557 quoque,
300 1486 374 1556 quod
388 1487 477 1539 ventis
489 1484 589 1538 animai
603 1488 727 1541 nutritur
738 1494 764 1540 et
775 1503 837 1541 aura

126 1563 250 1632 protinus
262 1562 414 1622 assimulat.
428 1561 518 1633 tetigit
528 1578 724 1632 quoscumque
735 1562 838 1616 colores

127 1637 201 1691 Victa
218 1637 377 1690 racemifero
391 1637 483 1709 lyncas
495 1636 570 1689 dedit
582 1637 658 1690 india
674 1638 795 1691 Baccho:

125 1730 139 1765 e
152 1714 264 1783 quibus,
280 1722 308 1766 ut
320 1722 485 1774 memorant,
498 1711 637 1782 quidquid
650 1714 743 1767 vesica
756 1713 839 1766 remis:

69 1797 107 1840 tte
127 1789 241 1842 vertitur
256 1790 282 1841 in
295 1788 401 1858 lapides
415 1796 441 1841 et
452 1788 577 1860 congelat
587 1790 648 1841 uere
661 1798 743 1843 tacto.

125 1864 170 1916 Sic
181 1872 207 1916 et
217 1862 351 1916 curalium
364 1880 419 1933 quo
432 1865 551 1933 primum
563 1864 681 1936 contigit
691 1882 774 1918 auras

125 1949 258 2009 tempore,
271 1938 407 1992 durescit:
424 1938 516 1991 mollis
528 1937 579 1991 fuit
591 1937 676 1993 herba
688 1940 744 1993 sub
756 1939 835 1994 undis

126 2016 236 2067 Desinet
248 2023 309 2067 ante
321 2014 390 2076 dies,
407 2023 432 2067 et
446 2016 473 2066 in
488 2012 542 2067 alto
556 2013 685 2068 Phoebus
696 2014 812 2069 anhelos

125 2089 839 2162 aequoretiugetequos,quamconsequaromniadic

70 2173 108 2218 tta
127 2168 153 2218 in
164 2165 272 2236 species
287 2163 414 2218 translatu
427 2182 521 2217 novas.
551 2163 597 2217 Sio
611 2165 704 2219 omnia
719 2167 788 2220 verti

126 2241 276 2302 cernimus
289 2249 370 2311 atque
381 2239 442 2292 illas
453 2257 592 2293 assumere
603 2240 702 2294 robora
717 2251 823 2313 gentes,

127 2315 272 2369 concidere
285 2315 343 2369 tras.
363 2315 408 2369 Sic
419 2333 516 2387 magua
528 2314 580 2368 suit
591 2332 737 2387 censuque
749 2318 839 2386 virisqr

127 2391 331 2462 perquedecem
340 2392 538 2462 potuittantum
550 2390 614 2444 dare
625 2394 775 2464 sanguinis
786 2407 839 2446 ann

127 2483 201 2520 nunc
212 2465 327 2519 humilis
340 2474 444 2520 veteres
455 2465 642 2520 tantummodo
654 2467 736 2522 Troia
752 2469 839 2522 ruinas

69 2546 109 2592 tto
125 2550 152 2593 et
164 2559 212 2611 pro
223 2542 330 2596 divitiis
341 2540 461 2596 tumulos
472 2541 591 2595 ostendit
601 2559 729 2596 avorum.

126 2615 203 2670 Clara
217 2616 268 2670 fuit
281 2616 391 2689 Sparte:
410 2634 523 2689 magnae
536 2618 651 2689 viguere
663 2619 810 2690 Mycenae:

121 2709 242 2750 necnon
256 2693 417 2770 Cecropiae,
428 2709 545 2748 necnon
556 2692 718 2763 nmquiouis
729 2711 815 2749 arces.
