1876 3480
118 157 170 214 246
308 161 486 211 ΕΟῩῙΒῙΙ
504 160 675 209 Nasouls

119 267 169 322 Est
177 265 264 320 honor
274 273 302 321 et
315 265 451 321 lacrimis:
473 263 631 338 stillataque
645 265 748 321 cortice
762 264 871 340 myrrba

121 359 223 398 nomeu
233 341 321 397 herile
332 350 415 407 tenet,
428 339 560 414 nulloque
571 340 709 398 tacebitur
718 358 798 398 aevo.

159 419 195 474 At
204 416 275 474 male
286 427 436 490 conceptus
446 416 500 473 sub
510 417 607 473 robore
617 427 744 474 creverat
751 417 852 483 inians,

122 495 327 569 quaerebatque
338 495 422 560 viam,
437 510 492 566 qua
501 511 532 549 se
540 493 677 567 genitrice
687 494 784 551 relicta

66 585 105 628 555
125 579 274 627 exsereret.
302 569 392 627 Media
404 569 538 644 gravidus
548 578 637 625 tumet
650 569 749 626 arbore
765 579 868 627 venter:

122 648 212 704 tendit
221 665 291 703 onus
301 655 486 713 matrem,neo
494 645 867 703 babenteuaverbadolores:

122 742 174 781 nec
183 725 288 779 Lucina
298 731 389 797 potest
397 723 531 796 parientis
543 739 608 779 voce
620 723 723 779 vocari.

122 801 227 857 Nitenti
237 809 328 856 tamen
340 797 505 864 estsimilis,
516 807 686 871 curvataque
699 799 811 855 crebros

125 878 171 933 dat
180 877 301 950 gemitus
311 875 401 940 arbor,
414 874 867 948 lacrimisquecadentibusbumet

68 966 107 1009 515
122 954 250 1010 Constitit
259 951 294 1008 ad
303 969 393 1008 ramos
404 952 480 1007 mitis
490 952 595 1006 Lucina
605 950 742 1017 dolentes,

125 1029 302 1100 admovitque
313 1045 412 1086 manus
422 1035 449 1084 et
458 1027 542 1084 verba
552 1044 689 1100 puerpera
699 1026 784 1083 dixit.

123 1105 211 1161 Arbor
220 1106 278 1178 agit
288 1105 371 1161 rimas
381 1114 409 1161 et
419 1104 485 1161 fisso
494 1105 596 1160 cortice
608 1104 705 1159 vivum

124 1180 214 1237 reddit
224 1198 304 1236 onus.
320 1178 867 1254 Vagitquepuer‚quemmollibuehorbie

123 1256 225 1312 Naides
235 1258 397 1327 impositum
408 1257 530 1312 lacrimis
535 1274 645 1325 ‘unxere
657 1257 791 1328 parentis.

70 1346 108 1389 555
123 1332 258 1389 Laudaret
268 1331 366 1388 faciem
375 1332 447 1389 livor
458 1349 579 1405 quoque.
609 1331 709 1398 Qualia
720 1349 839 1405 namque

125 1426 236 1481 corpora
248 1408 385 1465 nudorum
396 1407 489 1464 tabula
500 1409 655 1482 pinguntur
664 1407 809 1474 Amorum,

125 1485 188 1542 talis
199 1494 268 1555 erat;
281 1485 341 1551 sed,
353 1503 387 1541 ne
398 1483 480 1541 faciat
490 1483 651 1540 discrimina
662 1484 767 1550 cultus,

127 1571 174 1617 aut
184 1562 251 1617 huic
261 1560 330 1617 adde
342 1560 428 1627 leves,
440 1568 487 1617 aut
499 1559 558 1617 illis
571 1560 651 1617 deme
665 1560 819 1634 pharetras.

126 1638 241 1694 Labitur
250 1639 358 1694 occulte
369 1637 496 1710 fallitque
507 1638 628 1694 volatilis
639 1645 724 1702 55555,

72 1726 111 1769 525
126 1724 152 1770 et
163 1713 233 1769 nihil
245 1723 286 1770 est
296 1715 376 1771 annis
388 1713 521 1774 velocius.
557 1712 606 1770 Ille
619 1731 712 1770 sorore

129 1800 209 1846 natus
222 1808 329 1863 avoque
338 1809 399 1858 suo,
414 1793 464 1864 qui
474 1790 602 1848 conditus
614 1791 710 1847 arbore
721 1807 819 1862 nuper,

128 1885 215 1956 nuper
227 1876 284 1923 erat
293 1868 415 1942 genitus,
427 1867 508 1923 modo
518 1866 737 1923 formosissimus
748 1865 844 1927 inians

128 1945 183 1999 iam
194 1944 315 2018 iuvenis,
327 1946 382 2000 iam
395 1945 445 2008 vir,
458 1945 512 1999 iam
525 1961 554 1999 se
565 1943 727 1999 formosior
720 1960 782 2028 ipso
792 1951 842 1996 est:

129 2021 184 2075 iam
198 2021 288 2093 placet
297 2031 325 2077 ot
333 2021 444 2084 Veneri
456 2020 608 2092 matrisque
618 2017 782 2074 ulorscrtur
775 2034 857 2091 igne

74 2098 253 2169 attilamque
263 2097 435 2169 pharetratus
448 2095 516 2151 dum
526 2096 573 2151 dat
583 2112 652 2167 puer
661 2094 757 2149 oscula
768 2093 852 2153 matri

128 2174 234 2228 inscius
245 2174 363 2229 exstanti
373 2173 517 2228 distrinxit
526 2171 660 2227 arundine
671 2179 779 2242 pectus.

130 2249 214 2304 Laesa
226 2267 309 2304 manu
320 2259 414 2305 natum
425 2248 476 2305 dea
486 2246 602 2320 repulit:
623 2245 706 2301 altius
717 2256 809 2300 actum

129 2325 232 2380 vulnus
243 2334 300 2380 erat
310 2326 411 2398 specie,
425 2326 571 2396 primoque
581 2321 716 2377 fefellerat
728 2323 827 2392 ipsam.

132 2399 214 2471 Capta
225 2402 279 2457 viri
291 2400 376 2457 forma
387 2418 441 2456 non
453 2403 507 2454 iam
518 2398 664 2472 Cythereia
677 2407 755 2452 curat

76 2485 114 2529 535
129 2472 227 2541 littora,
241 2494 294 2532 non
306 2477 360 2532 alto
371 2477 470 2549 repetit
480 2475 593 2547 Paphon
607 2491 726 2546 aequore
738 2474 851 2528 cinctam

133 2551 327 2624 piscosamque
346 2552 471 2616 Gnidon,
493 2549 693 2625 gravidamque
703 2549 871 2681 dil-nathum

126 2700 252 2760 abstinet
267 2712 295 2761 et
304 2703 394 2762 coelo.
422 2703 506 2762 Coelo
518 2637 797 2774 praetextibus,
