1876 3480
147 142 180 195 76
340 144 368 190 P.
388 143 516 192 ovum
534 143 704 190 mosomo

148 252 204 306 iam
214 266 270 304 non
280 264 341 303 esse
351 264 461 311 manus,
472 247 529 302 iam
539 247 640 319 pinnas
650 262 731 318 posse
741 248 847 303 vocari.

148 326 224 381 Alter
235 324 269 380 ad
280 325 394 380 intortos
405 323 521 394 cupiens
532 322 598 378 darc
608 323 722 378 brechia
731 320 815 377 funes
876 350 879 355 ·

93 413 132 457 666
147 401 260 456 brachia
271 418 325 455 non
336 399 443 463 babuit,
455 407 609 471 huncoque
620 398 759 471 repandus
770 399 799 453 in
810 398 901 455 undas

148 494 261 549 corpore
272 475 401 531 desiluit:
418 473 516 530 falcata
527 475 680 531 novissima
691 473 779 530 cauda
789 482 841 540 cst,

149 552 243 625 qualia
254 551 387 607 dimidiae
397 551 545 607 sinuantur
554 566 657 606 cornua
668 549 761 606 lunae.

149 629 278 701 Undique
288 628 355 683 dant
364 625 786 700 saltus‚multaqueadspergine
796 635 900 691 rorant,

147 711 347 779 emerguntque
370 703 472 758 iterum
498 702 671 776 redeuntque
694 701 749 758 snb
781 718 901 775 aequora

643 795 750 844 rursus,

93 868 132 913 666
147 858 232 929 inque
243 855 320 911 chori
332 853 433 909 ludunt
442 854 565 926 speciem
576 853 736 927 lascivaque
746 854 852 910 iactant

150 949 263 1004 corpora
274 939 302 986 et
311 938 456 1002 acceptum
465 929 570 1002 patulis
580 946 655 985 mare
668 929 784 986 naribus
795 928 900 985 efflant.

147 1010 185 1063 De
196 1005 276 1062 modo
286 1005 397 1080 viginti,
409 1013 449 1061 tot
459 1007 534 1061 enim
544 1006 610 1061 ratis
619 1004 670 1061 illa
681 1005 795 1070 ferebat,
933 1070 936 1075 Ι

148 1083 286 1138 restabam
296 1082 383 1137 solus.
414 1081 551 1138 Pavidum
561 1080 744 1156 gelidumque
754 1081 885 1137 trementi

148 1156 900 1230 corporevixquemeumfirmatdeus‘Excute,dieens,

94 1247 133 1290 666
148 1234 231 1290 eorde
244 1241 358 1298 metum,
369 1233 504 1305 Diamque
513 1232 595 1289 tene?
624 1233 736 1289 Delatus
746 1233 778 1288 in
788 1232 868 1289 illam

150 1312 254 1365 accessi
265 1311 360 1373 sacris,
373 1309 551 1380 Baccheaque
572 1324 649 1365 sacra
658 1307 832 1382 frequento«

149 1386 343 1442 »Praebuimus
356 1383 460 1459 longis«
465 1385 605 1440 Pentheus
615 1385 795 1459 »ambagibus
805 1400 914 1443 aures«.

148 1463 249 1535 inquit,
262 1470 307 1517 »ut
316 1462 358 1517 ira
368 1478 444 1516 mora
454 1462 528 1516 vires
538 1461 684 1516 absumere
696 1469 801 1533 posset.

148 1539 331 1610 Praecipitem
336 1535 434 1593 famuli
445 1537 533 1609 rapite
543 1536 628 1602 bunc,
635 1537 813 1609 cruciataque
820 1535 901 1592 duris

94 1625 133 1669 666
148 1630 261 1685 corpora
272 1613 414 1668 tormentis
424 1611 536 1686 Stygiae
546 1612 683 1668 demittite
692 1612 793 1667 noctis

149 1690 279 1744 Protinus
289 1688 442 1744 abstractus
453 1687 551 1743 solidis
563 1688 722 1762 Tyrrhenus
732 1687 850 1744 Acoetes

151 1763 290 1818 clauditur
299 1764 329 1817 in
339 1765 430 1819 tectis.
461 1764 495 1819 Et
505 1764 572 1819 dum
583 1763 707 1819 crudelia
717 1764 812 1820 iussae

151 1842 335 1894 instrumenta
345 1841 431 1904 necis,
444 1839 605 1912 ferrumque
615 1841 747 1914 ignisque
758 1848 899 1912 parantur,

151 1924 247 1987 sponte
258 1932 307 1970 sua
316 1916 444 2044 qtatuisse
455 1914 537 1980 iores,
550 1915 698 1988 lapsasque
709 1915 820 1971 lacertis

94 2003 133 2047 roo
147 1999 244 2063 sponte
254 2008 304 2045 sua
327 2007 387 2045 ama
398 2000 440 2045 est
449 1989 527 2046 nullo
536 1990 661 2047 solvente
672 2000 793 2047 catenas.

187 2067 292 2121 Perstat
301 2065 483 2134 Echionides;
502 2083 552 2121 nec
563 2068 620 2122 iam
627 2067 708 2122 iubet
717 2067 768 2132 ire,
779 2067 831 2122 sed
842 2068 900 2140 ipse

152 2143 237 2206 vadit,
248 2142 298 2196 ubi
308 2141 412 2196 electus
423 2140 548 2198 facienda
559 2142 594 2198 ad
603 2158 681 2199 sacra
691 2142 841 2199 Cithaeron

149 2218 276 2274 cuntibus
288 2227 314 2273 et
325 2218 397 2274 clara
408 2217 591 2274 bacchantum
602 2235 670 2275 voce
680 2218 806 2274 sonabat.

151 2294 186 2349 Ut
195 2293 288 2349 fremit
298 2312 361 2349 acer
373 2311 472 2366 equus¹
485 2311 573 2367 quum
582 2293 701 2351 bellicus
711 2311 774 2350 aere
784 2310 884 2351 canoro

95 2382 134 2425 7⁰5
150 2371 230 2443 signa
240 2370 318 2426 dedit
327 2371 624 2444 tubicen‚pugnaeque
634 2371 753 2427 assumit
763 2386 897 2427 amorem·

150 2445 271 2501 Penthea
282 2448 324 2500 sio
333 2448 406 2503 ictus
417 2445 509 2520 longis
519 2443 674 2502 ululatibus
685 2446 780 2502 aether

151 2521 246 2586 movit,
259 2529 286 2576 et
296 2522 390 2577 audito
399 2520 518 2577 clamore
531 2522 735 2578 recanduitira.

187 2599 278 2654 Monte
288 2597 345 2653 lere
355 2597 448 2654 medio
457 2597 800 2673 cst‚eingentibusultima
809 2598 898 2662 silvis,

143 2689 239 2743 punis
248 2673 284 2729 ab
293 2673 450 2741 arboribus,
466 2674 627 2749 spectabilis
637 2674 764 2747 undique
775 2690 899 2749 campus.

423 2838 432 2849 „
477 2762 552 2921 N
