1876 3480
151 141 203 197 232
329 145 357 191 Ρ.
378 143 509 193 ovrnn
526 142 695 193 nasonis

96 260 121 304 to
151 251 263 322 lamque
278 249 378 304 iterum
393 247 513 303 moriens
524 262 578 303 non
589 254 631 304 est
642 246 675 303 de
689 247 810 325 coniuge
820 248 900 324 quid·

688 340 732 380 am

153 409 249 474 questa
260 417 326 455 suo:
339 399 408 472 quid
419 399 493 455 enim
503 399 594 454 nisiae
600 340 901 472 queiireturametami

152 477 374 548 Supremumque
384 475 454 541 vale,
472 474 548 548 quod
558 475 613 530 iam
623 476 673 531 vix
683 474 799 531 auribus
810 476 859 532 ille

152 557 297 625 acciperet,
311 552 391 616 dixit,
405 549 585 624 revolutaque
596 566 694 606 rursus
704 550 801 607 eodem
813 561 865 608 est.

152 631 211 683 Non
222 626 302 684 aliter
312 629 419 700 stupuit
431 627 541 702 gemina
553 644 618 682 nece
629 627 900 703 coniugisOrpheus,

98 718 123 761 65
152 723 233 777 quam
248 705 298 759 tria
311 704 360 776 qui
370 703 495 768 timidus,
508 702 600 758 medio
610 710 735 777 portante
746 713 867 770 catenas,

154 780 223 835 colla
235 780 311 834 canis
326 778 410 835 vidit:
428 794 511 852 quem
522 795 576 836 non
588 792 673 853 pavor
686 788 750 836 ante
762 780 884 855 reliquit,
906 778 910 786 ’

155 874 237 929 quam
249 863 344 912 natura
355 855 439 928 prior,
452 872 518 911 saxo
528 870 689 929 percorpus
699 856 810 925 oborto;

153 934 257 1005 quique
269 933 297 986 in
309 948 338 986 se
349 932 453 987 crimen
464 931 556 997 traxit,
574 930 718 1006 voluitque
730 931 822 988 videri

153 1008 253 1064 Olenos
264 1025 324 1062 esse
335 1024 446 1073 nocens,
460 1018 546 1082 tuque
556 1024 572 1062 o
582 1007 686 1065 confisa
696 1008 813 1087 figurae,

98 1098 124 1140 to
154 1083 253 1139 infelix
264 1083 391 1150 Lethaea,
406 1092 478 1149 tuae,
490 1084 665 1140 iunctissima
675 1083 819 1161 qnondam

154 1176 276 1231 corpora,
289 1177 362 1215 nunc
373 1158 490 1233 lapides,
505 1175 575 1232 quos
589 1158 705 1217 humida
715 1162 838 1219 sustinet
849 1160 899 1218 lde.

155 1236 284 1292 Orantem
298 1233 455 1311 frustraque
465 1237 566 1294 iterum
576 1237 693 1293 transire
708 1238 849 1294 volentem

156 1315 270 1385 portitor
280 1320 413 1368 arcuerat.
444 1310 554 1385 Septem
565 1321 656 1369 tamen
669 1311 718 1368 ille
733 1310 836 1370 diebus

155 1386 302 1460 squalidus
312 1388 339 1442 in
353 1388 412 1463 ripa
423 1388 530 1445 Cereris
541 1390 602 1444 sine
613 1388 824 1450 muneresedit.
873 1426 876 1431 -

99 1478 125 1520 75
155 1465 225 1520 Cura
236 1463 369 1536 dolorque
380 1466 466 1520 animi
477 1465 663 1539 lacrimaeque
677 1465 811 1523 alimenta
822 1465 898 1523 fuere.

156 1541 223 1596 Esse
235 1539 301 1595 deos
310 1540 393 1596 Erebi
405 1540 531 1596 crudeles
542 1550 668 1615 questus,
681 1542 710 1597 in
720 1540 807 1599 altam

156 1635 185 1671 se
196 1617 296 1690 recipit
305 1617 455 1689 Rhodopen
466 1618 637 1691 pulsumque
648 1618 831 1693 aquilonibus
840 1618 899 1675 liae

655 1711 731 1749 mon.

157 1768 264 1825 Tertius
278 1769 422 1840 aequoreis
431 1767 573 1825 inclusum
586 1770 714 1826 Piscibus
725 1788 831 1827 annum

157 1845 265 1898 finierat
274 1845 363 1909 Titan,
376 1862 541 1918 omnemque
552 1844 691 1923 refugerat
701 1845 832 1921 Orpheus

102 1932 127 1974 ao
160 1920 307 1975 femineam
318 1937 455 1986 venerem,
468 1939 517 1977 seu
528 1920 602 1994 quod
613 1923 684 1979 male
694 1932 817 1979 cesserat
827 1922 875 1985 illi,

159 1999 217 2051 sive
233 1995 314 2051 fidem
326 1996 447 2052 dederat.
481 1997 582 2054 Multas
597 2007 688 2055 tamen
700 1998 782 2055 ardor
793 1997 896 2055 habebat

160 2075 274 2146 iungere
284 2090 314 2127 se
325 2075 394 2128 vati:
409 2074 511 2130 multae
522 2074 635 2130 doluere
646 2073 787 2149 repulsae.

159 2148 208 2203 llle
219 2150 302 2204 etiam
313 2149 449 2205 Thracum
460 2149 572 2223 populis
586 2150 639 2207 luit
648 2160 754 2217 auctor,
766 2167 879 2208 amorem

160 2228 187 2278 in
201 2235 307 2280 teneros
319 2225 464 2281 transferre
476 2245 574 2292 mareS,
587 2228 711 2302 citraque
726 2228 865 2284 iuventam

104 2314 129 2357 85
158 2303 253 2357 aetatis
264 2301 348 2358 breve
359 2319 407 2356 ver
417 2310 444 2357 et
454 2303 558 2375 primos
569 2321 680 2378 carpere
689 2302 781 2361 flores.

197 2377 281 2432 Collis
292 2387 349 2433 erat
358 2377 513 2451 collemque
523 2397 607 2452 super
617 2378 781 2454 planissima
792 2381 876 2454 campi

161 2471 235 2518 area,
252 2471 334 2526 quam
346 2454 464 2510 viridem
475 2453 612 2511 faciebant
622 2458 758 2532 graminis
768 2456 874 2513 herbae.

160 2529 261 2584 Umbra
274 2531 333 2585 loco
342 2530 444 2587 deerat.
474 2529 533 2599 Qua
546 2541 693 2604 postquam
703 2542 781 2606 parte
792 2531 884 2588 resedit

160 2605 203 2658 dis
214 2607 325 2678 genitus
337 2615 410 2662 vates
421 2615 448 2662 et
458 2607 503 2663 fila
513 2610 636 2664 sonantia
647 2611 744 2674 movit,

102 2694 129 2737 tu
161 2681 258 2738 umbra
270 2682 331 2740 loco
343 2685 429 2741 venit.
458 2686 520 2740 Nou
529 2683 647 2740 Chaonis
658 2685 749 2742 abfuit
759 2686 847 2751 arbor,
