<?xml version="1.0" encoding="UTF-8"?>
<!DOCTYPE html PUBLIC "-//W3C//DTD XHTML 1.0 Transitional//EN"
    "http://www.w3.org/TR/xhtml1/DTD/xhtml1-transitional.dtd">
<html xmlns="http://www.w3.org/1999/xhtml" xml:lang="en" lang="en">
 <head>
  <title>
</title>
<meta http-equiv="Content-Type" content="text/html;charset=utf-8" />
  <meta name='ocr-system' content='tesseract 3.04.00' />
  <meta name='ocr-capabilities' content='ocr_page ocr_carea ocr_par ocr_line ocrx_word'/>
</head>
<body>
  <div class='ocr_page' id='page_1' title='image "./operaomnia02ovidgoog/operaomnia02ovidgoog_0058.png"; bbox 0 0 1876 3480; ppageno 0'>
   <div class='ocr_carea' id='block_1_1' title="bbox 153 207 706 259">
    <p class='ocr_par' dir='ltr' id='par_1_1' title="bbox 153 207 706 259">
     <span class='ocr_line' id='line_1_1' title="bbox 153 207 706 259; baseline -0.004 0"><span class='ocrx_word' id='word_1_1' title='bbox 153 207 185 259; x_wconf 74' lang='lat' dir='ltr'>dii</span> <span class='ocrx_word' id='word_1_2' title='bbox 343 212 371 258; x_wconf 87' lang='lat' dir='ltr'>P.</span> <span class='ocrx_word' id='word_1_3' title='bbox 392 211 520 259; x_wconf 83' lang='lat' dir='ltr'>ovlnrt</span> <span class='ocrx_word' id='word_1_4' title='bbox 538 210 706 258; x_wconf 78' lang='lat' dir='ltr'>NASONIS</span> 
     </span>
    </p>
   </div>
   <div class='ocr_carea' id='block_1_2' title="bbox 93 311 902 2819">
    <p class='ocr_par' dir='ltr' id='par_1_2' title="bbox 93 311 902 2819">
     <span class='ocr_line' id='line_1_2' title="bbox 152 311 841 387; baseline -0.003 -19"><span class='ocrx_word' id='word_1_5' title='bbox 152 323 213 369; x_wconf 88' lang='lat' dir='ltr'>turn</span> <span class='ocrx_word' id='word_1_6' title='bbox 224 329 289 369; x_wconf 86' lang='lat' dir='ltr'>vero</span> <span class='ocrx_word' id='word_1_7' title='bbox 300 313 431 387; x_wconf 81' lang='lat' dir='ltr'><strong>gemitus,</strong></span> <span class='ocrx_word' id='word_1_8' title='bbox 444 330 534 385; x_wconf 91' lang='lat' dir='ltr'>neque</span> <span class='ocrx_word' id='word_1_9' title='bbox 545 313 620 368; x_wconf 90' lang='lat' dir='ltr'>enim</span> <span class='ocrx_word' id='word_1_10' title='bbox 630 311 760 368; x_wconf 89' lang='lat' dir='ltr'>coelestia</span> <span class='ocrx_word' id='word_1_11' title='bbox 769 312 841 386; x_wconf 88' lang='lat' dir='ltr'>tingi</span> 
     </span>
     <span class='ocr_line' id='line_1_3' title="bbox 153 387 734 460; baseline -0.005 -16"><span class='ocrx_word' id='word_1_12' title='bbox 153 407 198 445; x_wconf 87' lang='lat' dir='ltr'>ora</span> <span class='ocrx_word' id='word_1_13' title='bbox 211 389 276 444; x_wconf 89' lang='lat' dir='ltr'>lieet</span> <span class='ocrx_word' id='word_1_14' title='bbox 286 387 418 453; x_wconf 84' lang='lat' dir='ltr'><strong>lacrimis,</strong></span> <span class='ocrx_word' id='word_1_15' title='bbox 431 387 486 444; x_wconf 88' lang='lat' dir='ltr'>alto</span> <span class='ocrx_word' id='word_1_16' title='bbox 496 388 531 444; x_wconf 90' lang='lat' dir='ltr'>de</span> <span class='ocrx_word' id='word_1_17' title='bbox 543 388 625 444; x_wconf 86' lang='lat' dir='ltr'>corde</span> <span class='ocrx_word' id='word_1_18' title='bbox 635 389 734 460; x_wconf 90' lang='lat' dir='ltr'>petitos</span> 
     </span>
     <span class='ocr_line' id='line_1_4' title="bbox 153 464 902 537; baseline 0 -17"><span class='ocrx_word' id='word_1_19' title='bbox 153 464 255 520; x_wconf 80' lang='lat' dir='ltr'><strong>edidit:</strong></span> <span class='ocrx_word' id='word_1_20' title='bbox 269 464 343 520; x_wconf 90' lang='lat' dir='ltr'>haud</span> <span class='ocrx_word' id='word_1_21' title='bbox 351 464 442 530; x_wconf 84' lang='lat' dir='ltr'>aliter,</span> <span class='ocrx_word' id='word_1_22' title='bbox 449 482 533 537; x_wconf 85' lang='lat' dir='ltr'>quam</span> <span class='ocrx_word' id='word_1_23' title='bbox 544 465 902 537; x_wconf 84' lang='lat' dir='ltr'>quumspeotantoiuvenoa</span> 
     </span>
     <span class='ocr_line' id='line_1_5' title="bbox 153 539 731 597; baseline -0.003 -1"><span class='ocrx_word' id='word_1_24' title='bbox 153 541 280 597; x_wconf 88' lang='lat' dir='ltr'>lactentis</span> <span class='ocrx_word' id='word_1_25' title='bbox 294 540 376 596; x_wconf 88' lang='lat' dir='ltr'>vituli</span> <span class='ocrx_word' id='word_1_26' title='bbox 388 541 483 596; x_wconf 86' lang='lat' dir='ltr'>dextra</span> <span class='ocrx_word' id='word_1_27' title='bbox 494 540 610 595; x_wconf 84' lang='lat' dir='ltr'>libratus</span> <span class='ocrx_word' id='word_1_28' title='bbox 620 539 654 595; x_wconf 93' lang='lat' dir='ltr'>ab</span> <span class='ocrx_word' id='word_1_29' title='bbox 665 557 731 595; x_wconf 89' lang='lat' dir='ltr'>aure</span> 
     </span>
     <span class='ocr_line' id='line_1_6' title="bbox 95 615 788 690; baseline -0.004 -18"><span class='ocrx_word' id='word_1_30' title='bbox 95 626 135 672; x_wconf 76' lang='lat'>625</span> <span class='ocrx_word' id='word_1_31' title='bbox 150 626 271 690; x_wconf 90' lang='lat' dir='ltr'>tempora</span> <span class='ocrx_word' id='word_1_32' title='bbox 286 616 418 672; x_wconf 87' lang='lat' dir='ltr'>discussit</span> <span class='ocrx_word' id='word_1_33' title='bbox 428 615 502 671; x_wconf 87' lang='lat' dir='ltr'>claro</span> <span class='ocrx_word' id='word_1_34' title='bbox 513 633 579 671; x_wconf 85' lang='lat' dir='ltr'>cava</span> <span class='ocrx_word' id='word_1_35' title='bbox 590 616 708 670; x_wconf 88' lang='lat' dir='ltr'>malleus</span> <span class='ocrx_word' id='word_1_36' title='bbox 720 616 788 671; x_wconf 91' lang='lat' dir='ltr'>ictu.</span> 
     </span>
     <span class='ocr_line' id='line_1_7' title="bbox 152 691 774 767; baseline -0.003 -18"><span class='ocrx_word' id='word_1_37' title='bbox 152 693 187 749; x_wconf 91' lang='lat' dir='ltr'>Ut</span> <span class='ocrx_word' id='word_1_38' title='bbox 200 701 291 748; x_wconf 88' lang='lat' dir='ltr'>tamen</span> <span class='ocrx_word' id='word_1_39' title='bbox 302 693 424 767; x_wconf 88' lang='lat' dir='ltr'>ingratos</span> <span class='ocrx_word' id='word_1_40' title='bbox 434 692 463 747; x_wconf 91' lang='lat' dir='ltr'>in</span> <span class='ocrx_word' id='word_1_41' title='bbox 474 700 584 764; x_wconf 75' lang='lat' dir='ltr'>pectora</span> <span class='ocrx_word' id='word_1_42' title='bbox 594 691 667 747; x_wconf 80' lang='lat' dir='ltr'>fudit</span> <span class='ocrx_word' id='word_1_43' title='bbox 676 691 774 747; x_wconf 90' lang='lat' dir='ltr'>odores</span> 
     </span>
     <span class='ocr_line' id='line_1_8' title="bbox 152 767 802 842; baseline -0.003 -18"><span class='ocrx_word' id='word_1_44' title='bbox 152 778 179 824; x_wconf 89' lang='lat' dir='ltr'>et</span> <span class='ocrx_word' id='word_1_45' title='bbox 190 767 266 824; x_wconf 86' lang='lat' dir='ltr'>dedit</span> <span class='ocrx_word' id='word_1_46' title='bbox 276 768 424 841; x_wconf 87' lang='lat' dir='ltr'>amplexus</span> <span class='ocrx_word' id='word_1_47' title='bbox 433 768 592 840; x_wconf 84' lang='lat' dir='ltr'>iniustaque</span> <span class='ocrx_word' id='word_1_48' title='bbox 602 767 675 823; x_wconf 88' lang='lat' dir='ltr'>iusta</span> <span class='ocrx_word' id='word_1_49' title='bbox 686 768 802 842; x_wconf 81' lang='lat' dir='ltr'>peregit,</span> 
     </span>
     <span class='ocr_line' id='line_1_9' title="bbox 150 842 828 901; baseline -0.006 0"><span class='ocrx_word' id='word_1_50' title='bbox 150 862 205 901; x_wconf 91' lang='lat' dir='ltr'>non</span> <span class='ocrx_word' id='word_1_51' title='bbox 213 844 278 899; x_wconf 84' lang='lat' dir='ltr'>tulit</span> <span class='ocrx_word' id='word_1_52' title='bbox 287 845 317 899; x_wconf 92' lang='lat' dir='ltr'>in</span> <span class='ocrx_word' id='word_1_53' title='bbox 328 845 436 900; x_wconf 89' lang='lat' dir='ltr'>cineres</span> <span class='ocrx_word' id='word_1_54' title='bbox 447 844 504 900; x_wconf 84' lang='lat' dir='ltr'>labi</span> <span class='ocrx_word' id='word_1_55' title='bbox 515 861 565 899; x_wconf 86' lang='lat' dir='ltr'>sua</span> <span class='ocrx_word' id='word_1_56' title='bbox 574 843 703 898; x_wconf 86' lang='lat' dir='ltr'>Phoebus</span> <span class='ocrx_word' id='word_1_57' title='bbox 715 842 828 898; x_wconf 91' lang='lat' dir='ltr'>eosdem</span> 
     </span>
     <span class='ocr_line' id='line_1_10' title="bbox 151 915 843 992; baseline -0.004 -16"><span class='ocrx_word' id='word_1_58' title='bbox 151 921 267 986; x_wconf 90' lang='lat' dir='ltr'>semina,</span> <span class='ocrx_word' id='word_1_59' title='bbox 279 920 433 976; x_wconf 84' lang='lat' dir='ltr'>seductum</span> <span class='ocrx_word' id='word_1_60' title='bbox 446 915 564 976; x_wconf 83' lang='lat' dir='ltr'>dammis</span> <span class='ocrx_word' id='word_1_61' title='bbox 575 928 709 992; x_wconf 90' lang='lat' dir='ltr'>uteroque</span> <span class='ocrx_word' id='word_1_62' title='bbox 720 920 843 991; x_wconf 86' lang='lat' dir='ltr'>parentis</span> 
     </span>
     <span class='ocr_line' id='line_1_11' title="bbox 94 994 808 1070; baseline -0.004 -18"><span class='ocrx_word' id='word_1_63' title='bbox 94 1007 133 1052; x_wconf 82' lang='lat' dir='ltr'>tto</span> <span class='ocrx_word' id='word_1_64' title='bbox 150 997 254 1069; x_wconf 89' lang='lat' dir='ltr'>eripuit</span> <span class='ocrx_word' id='word_1_65' title='bbox 264 997 426 1070; x_wconf 82' lang='lat' dir='ltr'>geminique</span> <span class='ocrx_word' id='word_1_66' title='bbox 437 995 501 1051; x_wconf 90' lang='lat' dir='ltr'>tulit</span> <span class='ocrx_word' id='word_1_67' title='bbox 511 994 639 1051; x_wconf 92' lang='lat' dir='ltr'>Chironis</span> <span class='ocrx_word' id='word_1_68' title='bbox 649 996 678 1050; x_wconf 91' lang='lat' dir='ltr'>in</span> <span class='ocrx_word' id='word_1_69' title='bbox 689 1004 808 1050; x_wconf 86' lang='lat' dir='ltr'>antrum.</span> 
     </span>
     <span class='ocr_line' id='line_1_12' title="bbox 150 1070 852 1145; baseline -0.003 -17"><span class='ocrx_word' id='word_1_70' title='bbox 150 1071 367 1144; x_wconf 87' lang='lat' dir='ltr'>Sperantemque</span> <span class='ocrx_word' id='word_1_71' title='bbox 378 1072 433 1127; x_wconf 90' lang='lat' dir='ltr'>sibi</span> <span class='ocrx_word' id='word_1_72' title='bbox 444 1089 499 1127; x_wconf 90' lang='lat' dir='ltr'>non</span> <span class='ocrx_word' id='word_1_73' title='bbox 509 1070 595 1127; x_wconf 78' lang='lat' dir='ltr'>falsae</span> <span class='ocrx_word' id='word_1_74' title='bbox 606 1072 728 1143; x_wconf 88' lang='lat' dir='ltr'>praemia</span> <span class='ocrx_word' id='word_1_75' title='bbox 739 1070 852 1145; x_wconf 86' lang='lat' dir='ltr'>linguae</span> 
     </span>
     <span class='ocr_line' id='line_1_13' title="bbox 151 1147 777 1204; baseline -0.005 0"><span class='ocrx_word' id='word_1_76' title='bbox 151 1150 224 1204; x_wconf 91' lang='lat' dir='ltr'>inter</span> <span class='ocrx_word' id='word_1_77' title='bbox 234 1166 299 1203; x_wconf 86' lang='lat' dir='ltr'>aves</span> <span class='ocrx_word' id='word_1_78' title='bbox 310 1148 388 1203; x_wconf 87' lang='lat' dir='ltr'>aibas</span> <span class='ocrx_word' id='word_1_79' title='bbox 400 1148 488 1204; x_wconf 90' lang='lat' dir='ltr'>vetuit</span> <span class='ocrx_word' id='word_1_80' title='bbox 498 1147 641 1204; x_wconf 90' lang='lat' dir='ltr'>considere</span> <span class='ocrx_word' id='word_1_81' title='bbox 652 1164 777 1202; x_wconf 86' lang='lat' dir='ltr'>corvum.</span> 
     </span>
     <span class='ocr_line' id='line_1_14' title="bbox 186 1221 770 1296; baseline -0.002 -17"><span class='ocrx_word' id='word_1_82' title='bbox 186 1223 304 1279; x_wconf 82' lang='lat' dir='ltr'>Semifer</span> <span class='ocrx_word' id='word_1_83' title='bbox 313 1225 418 1280; x_wconf 88' lang='lat' dir='ltr'>interea</span> <span class='ocrx_word' id='word_1_84' title='bbox 429 1223 541 1279; x_wconf 86' lang='lat' dir='ltr'>divinae</span> <span class='ocrx_word' id='word_1_85' title='bbox 551 1224 647 1296; x_wconf 84' lang='lat' dir='ltr'>stirpis</span> <span class='ocrx_word' id='word_1_86' title='bbox 658 1221 770 1278; x_wconf 89' lang='lat' dir='ltr'>alumno</span> 
     </span>
     <span class='ocr_line' id='line_1_15' title="bbox 150 1298 829 1374; baseline -0.004 -18"><span class='ocrx_word' id='word_1_87' title='bbox 150 1301 238 1357; x_wconf 88' lang='lat' dir='ltr'>laetus</span> <span class='ocrx_word' id='word_1_88' title='bbox 249 1308 315 1365; x_wconf 82' lang='lat' dir='ltr'>erat,</span> <span class='ocrx_word' id='word_1_89' title='bbox 328 1301 466 1372; x_wconf 88' lang='lat' dir='ltr'>mistoque</span> <span class='ocrx_word' id='word_1_90' title='bbox 479 1299 556 1355; x_wconf 91' lang='lat' dir='ltr'>oneri</span> <span class='ocrx_word' id='word_1_91' title='bbox 566 1298 706 1374; x_wconf 81' lang='lat' dir='ltr'>gaudebat</span> <span class='ocrx_word' id='word_1_92' title='bbox 716 1298 829 1354; x_wconf 67' lang='lat' dir='ltr'>honorel</span> 
     </span>
     <span class='ocr_line' id='line_1_16' title="bbox 94 1374 806 1449; baseline -0.003 -18"><span class='ocrx_word' id='word_1_93' title='bbox 94 1385 132 1431; x_wconf 80' lang='lat' dir='ltr'>ttt</span> <span class='ocrx_word' id='word_1_94' title='bbox 149 1376 221 1432; x_wconf 92' lang='lat' dir='ltr'>Ecce</span> <span class='ocrx_word' id='word_1_95' title='bbox 231 1376 308 1432; x_wconf 89' lang='lat' dir='ltr'>venit</span> <span class='ocrx_word' id='word_1_96' title='bbox 317 1377 410 1432; x_wconf 87' lang='lat' dir='ltr'>rutilis</span> <span class='ocrx_word' id='word_1_97' title='bbox 424 1376 555 1431; x_wconf 89' lang='lat' dir='ltr'>humeros</span> <span class='ocrx_word' id='word_1_98' title='bbox 565 1383 686 1449; x_wconf 89' lang='lat' dir='ltr'>protecta</span> <span class='ocrx_word' id='word_1_99' title='bbox 696 1374 806 1446; x_wconf 82' lang='lat' dir='ltr'>capitiis</span> 
     </span>
     <span class='ocr_line' id='line_1_17' title="bbox 150 1449 878 1525; baseline 0 -19"><span class='ocrx_word' id='word_1_100' title='bbox 150 1451 207 1508; x_wconf 82' lang='lat' dir='ltr'>fitia</span> <span class='ocrx_word' id='word_1_101' title='bbox 218 1451 357 1518; x_wconf 83' lang='lat' dir='ltr'>Centauri,</span> <span class='ocrx_word' id='word_1_102' title='bbox 372 1469 456 1525; x_wconf 89' lang='lat' dir='ltr'>quam</span> <span class='ocrx_word' id='word_1_103' title='bbox 467 1452 606 1524; x_wconf 83' lang='lat' dir='ltr'>quondam</span> <span class='ocrx_word' id='word_1_104' title='bbox 618 1451 741 1525; x_wconf 77' lang='lat' dir='ltr'>nympha</span> <span class='ocrx_word' id='word_1_105' title='bbox 751 1449 878 1506; x_wconf 83' lang='lat' dir='ltr'>Chariclo</span> 
     </span>
     <span class='ocr_line' id='line_1_18' title="bbox 149 1526 709 1601; baseline -0.002 -19"><span class='ocrx_word' id='word_1_106' title='bbox 149 1526 273 1584; x_wconf 86' lang='lat' dir='ltr'>fluminis</span> <span class='ocrx_word' id='word_1_107' title='bbox 284 1529 314 1583; x_wconf 91' lang='lat' dir='ltr'>in</span> <span class='ocrx_word' id='word_1_108' title='bbox 325 1527 416 1601; x_wconf 86' lang='lat' dir='ltr'>rapidi</span> <span class='ocrx_word' id='word_1_109' title='bbox 427 1529 497 1601; x_wconf 89' lang='lat' dir='ltr'>ripis</span> <span class='ocrx_word' id='word_1_110' title='bbox 507 1528 588 1583; x_wconf 87' lang='lat' dir='ltr'>enixa</span> <span class='ocrx_word' id='word_1_111' title='bbox 600 1527 709 1582; x_wconf 84' lang='lat' dir='ltr'>vocavit</span> 
     </span>
     <span class='ocr_line' id='line_1_19' title="bbox 149 1603 831 1679; baseline -0.003 -19"><span class='ocrx_word' id='word_1_112' title='bbox 149 1603 304 1679; x_wconf 83' lang='lat' dir='ltr'>Ocyrhoe&#39;u.</span> <span class='ocrx_word' id='word_1_113' title='bbox 332 1605 394 1659; x_wconf 92' lang='lat' dir='ltr'>Non</span> <span class='ocrx_word' id='word_1_114' title='bbox 405 1605 473 1660; x_wconf 89' lang='lat' dir='ltr'>haec</span> <span class='ocrx_word' id='word_1_115' title='bbox 483 1612 554 1659; x_wconf 88' lang='lat' dir='ltr'>artes</span> <span class='ocrx_word' id='word_1_116' title='bbox 565 1610 691 1658; x_wconf 87' lang='lat' dir='ltr'>contenta</span> <span class='ocrx_word' id='word_1_117' title='bbox 702 1610 831 1674; x_wconf 84' lang='lat' dir='ltr'>paternae</span> 
     </span>
     <span class='ocr_line' id='line_1_20' title="bbox 150 1677 756 1736; baseline -0.005 0"><span class='ocrx_word' id='word_1_118' title='bbox 150 1680 299 1736; x_wconf 90' lang='lat' dir='ltr'>edidicisse</span> <span class='ocrx_word' id='word_1_119' title='bbox 311 1678 378 1734; x_wconf 84' lang='lat' dir='ltr'>tuit:</span> <span class='ocrx_word' id='word_1_120' title='bbox 393 1677 510 1735; x_wconf 84' lang='lat' dir='ltr'>fatorum</span> <span class='ocrx_word' id='word_1_121' title='bbox 521 1695 619 1734; x_wconf 82' lang='lat' dir='ltr'>arcana</span> <span class='ocrx_word' id='word_1_122' title='bbox 630 1678 756 1734; x_wconf 88' lang='lat' dir='ltr'>canebat.</span> 
     </span>
     <span class='ocr_line' id='line_1_21' title="bbox 93 1754 788 1829; baseline -0.001 -19"><span class='ocrx_word' id='word_1_123' title='bbox 93 1761 132 1810; x_wconf 82' lang='lat' dir='ltr'>tto</span> <span class='ocrx_word' id='word_1_124' title='bbox 147 1755 220 1829; x_wconf 85' lang='lat' dir='ltr'>Ergo</span> <span class='ocrx_word' id='word_1_125' title='bbox 234 1754 283 1809; x_wconf 93' lang='lat' dir='ltr'>ubi</span> <span class='ocrx_word' id='word_1_126' title='bbox 295 1755 429 1810; x_wconf 91' lang='lat' dir='ltr'>vaticinos</span> <span class='ocrx_word' id='word_1_127' title='bbox 440 1755 567 1827; x_wconf 89' lang='lat' dir='ltr'>concepit</span> <span class='ocrx_word' id='word_1_128' title='bbox 578 1763 669 1809; x_wconf 91' lang='lat' dir='ltr'>mente</span> <span class='ocrx_word' id='word_1_129' title='bbox 682 1754 788 1810; x_wconf 78' lang='lat' dir='ltr'>furores</span> 
     </span>
     <span class='ocr_line' id='line_1_22' title="bbox 150 1829 898 1903; baseline 0 -18"><span class='ocrx_word' id='word_1_130' title='bbox 150 1831 321 1902; x_wconf 86' lang='lat' dir='ltr'>incaluitque</span> <span class='ocrx_word' id='word_1_131' title='bbox 333 1829 397 1895; x_wconf 91' lang='lat' dir='ltr'>dec,</span> <span class='ocrx_word' id='word_1_132' title='bbox 417 1848 501 1903; x_wconf 91' lang='lat' dir='ltr'>quem</span> <span class='ocrx_word' id='word_1_133' title='bbox 511 1830 638 1886; x_wconf 88' lang='lat' dir='ltr'>clausum</span> <span class='ocrx_word' id='word_1_134' title='bbox 648 1839 758 1903; x_wconf 86' lang='lat' dir='ltr'>pectore</span> <span class='ocrx_word' id='word_1_135' title='bbox 768 1829 898 1895; x_wconf 89' lang='lat' dir='ltr'>habebat,</span> 
     </span>
     <span class='ocr_line' id='line_1_23' title="bbox 147 1904 788 1979; baseline 0 -19"><span class='ocrx_word' id='word_1_136' title='bbox 147 1906 266 1978; x_wconf 86' lang='lat' dir='ltr'>adspicit</span> <span class='ocrx_word' id='word_1_137' title='bbox 279 1904 426 1961; x_wconf 81' lang='lat' dir='ltr'>infantem:</span> <span class='ocrx_word' id='word_1_138' title='bbox 448 1907 579 1979; x_wconf 78' lang='lat' dir='ltr'>»Totique</span> <span class='ocrx_word' id='word_1_139' title='bbox 592 1904 718 1962; x_wconf 82' lang='lat' dir='ltr'>salutifer</span> <span class='ocrx_word' id='word_1_140' title='bbox 726 1906 788 1961; x_wconf 89' lang='lat' dir='ltr'>orbi</span> 
     </span>
     <span class='ocr_line' id='line_1_24' title="bbox 149 1980 796 2054; baseline -0.002 -16"><span class='ocrx_word' id='word_1_141' title='bbox 149 1998 242 2038; x_wconf 88' lang='lat' dir='ltr'>cresce</span> <span class='ocrx_word' id='word_1_142' title='bbox 256 1999 333 2054; x_wconf 87' lang='lat' dir='ltr'>puer,</span> <span class='ocrx_word' id='word_1_143' title='bbox 346 1981 428 2037; x_wconf 89' lang='lat' dir='ltr'>dixit.</span> <span class='ocrx_word' id='word_1_144' title='bbox 462 1981 525 2038; x_wconf 84' lang='lat' dir='ltr'>Tibi</span> <span class='ocrx_word' id='word_1_145' title='bbox 536 2000 565 2037; x_wconf 90' lang='lat' dir='ltr'>se</span> <span class='ocrx_word' id='word_1_146' title='bbox 577 1980 702 2038; x_wconf 83' lang='lat' dir='ltr'>mortalia</span> <span class='ocrx_word' id='word_1_147' title='bbox 712 1999 796 2054; x_wconf 85' lang='lat' dir='ltr'>saepe</span> 
     </span>
     <span class='ocr_line' id='line_1_25' title="bbox 148 2057 876 2130; baseline -0.001 -17"><span class='ocrx_word' id='word_1_148' title='bbox 148 2075 260 2130; x_wconf 93' lang='lat' dir='ltr'>corpora</span> <span class='ocrx_word' id='word_1_149' title='bbox 271 2057 427 2112; x_wconf 85' lang='lat' dir='ltr'>debebunt:</span> <span class='ocrx_word' id='word_1_150' title='bbox 445 2058 551 2113; x_wconf 88' lang='lat' dir='ltr'>animas</span> <span class='ocrx_word' id='word_1_151' title='bbox 562 2059 614 2113; x_wconf 91' lang='lat' dir='ltr'>tibi</span> <span class='ocrx_word' id='word_1_152' title='bbox 628 2057 743 2113; x_wconf 90' lang='lat' dir='ltr'>reddere</span> <span class='ocrx_word' id='word_1_153' title='bbox 752 2057 876 2114; x_wconf 78' lang='lat' dir='ltr'>ademtae</span> 
     </span>
     <span class='ocr_line' id='line_1_26' title="bbox 93 2132 854 2208; baseline -0.001 -19"><span class='ocrx_word' id='word_1_154' title='bbox 93 2140 132 2189; x_wconf 79' lang='lat' dir='ltr'>tte</span> <span class='ocrx_word' id='word_1_155' title='bbox 148 2132 189 2190; x_wconf 86' lang='lat' dir='ltr'>ias</span> <span class='ocrx_word' id='word_1_156' title='bbox 200 2134 265 2189; x_wconf 90' lang='lat' dir='ltr'>erit:</span> <span class='ocrx_word' id='word_1_157' title='bbox 283 2132 369 2206; x_wconf 89' lang='lat' dir='ltr'>idque</span> <span class='ocrx_word' id='word_1_158' title='bbox 379 2132 466 2188; x_wconf 88' lang='lat' dir='ltr'>semel</span> <span class='ocrx_word' id='word_1_159' title='bbox 476 2133 521 2189; x_wconf 89' lang='lat' dir='ltr'>dis</span> <span class='ocrx_word' id='word_1_160' title='bbox 533 2134 745 2208; x_wconf 87' lang='lat' dir='ltr'>indignantibus</span> <span class='ocrx_word' id='word_1_161' title='bbox 758 2151 854 2197; x_wconf 86' lang='lat' dir='ltr'>ausus,</span> 
     </span>
     <span class='ocr_line' id='line_1_27' title="bbox 147 2206 885 2283; baseline -0.008 -14"><span class='ocrx_word' id='word_1_162' title='bbox 147 2227 229 2283; x_wconf 88' lang='lat' dir='ltr'>posse</span> <span class='ocrx_word' id='word_1_163' title='bbox 240 2209 304 2265; x_wconf 88' lang='lat' dir='ltr'>dare</span> <span class='ocrx_word' id='word_1_164' title='bbox 316 2209 368 2265; x_wconf 90' lang='lat' dir='ltr'>hoo</span> <span class='ocrx_word' id='word_1_165' title='bbox 377 2206 478 2264; x_wconf 90' lang='lat' dir='ltr'>iterum</span> <span class='ocrx_word' id='word_1_166' title='bbox 489 2208 597 2265; x_wconf 86' lang='lat' dir='ltr'>flamma</span> <span class='ocrx_word' id='word_1_167' title='bbox 607 2208 792 2281; x_wconf 89' lang='lat' dir='ltr'>prohibebere</span> <span class='ocrx_word' id='word_1_168' title='bbox 802 2209 885 2272; x_wconf 85' lang='lat' dir='ltr'>avita,</span> 
     </span>
     <span class='ocr_line' id='line_1_28' title="bbox 147 2284 768 2360; baseline 0 -20"><span class='ocrx_word' id='word_1_169' title='bbox 147 2303 218 2358; x_wconf 89' lang='lat' dir='ltr'>eque</span> <span class='ocrx_word' id='word_1_170' title='bbox 232 2285 283 2341; x_wconf 89' lang='lat' dir='ltr'>deo</span> <span class='ocrx_word' id='word_1_171' title='bbox 294 2303 395 2358; x_wconf 89' lang='lat' dir='ltr'>corpus</span> <span class='ocrx_word' id='word_1_172' title='bbox 406 2284 455 2341; x_wconf 87' lang='lat' dir='ltr'>fies</span> <span class='ocrx_word' id='word_1_173' title='bbox 466 2302 617 2360; x_wconf 84' lang='lat' dir='ltr'>exsangue,</span> <span class='ocrx_word' id='word_1_174' title='bbox 633 2284 768 2358; x_wconf 89' lang='lat' dir='ltr'>deusque,</span> 
     </span>
     <span class='ocr_line' id='line_1_29' title="bbox 148 2358 841 2434; baseline 0 -19"><span class='ocrx_word' id='word_1_175' title='bbox 148 2363 199 2434; x_wconf 93' lang='lat' dir='ltr'>qui</span> <span class='ocrx_word' id='word_1_176' title='bbox 210 2361 291 2417; x_wconf 91' lang='lat' dir='ltr'>modo</span> <span class='ocrx_word' id='word_1_177' title='bbox 300 2379 401 2434; x_wconf 91' lang='lat' dir='ltr'>corpus</span> <span class='ocrx_word' id='word_1_178' title='bbox 414 2379 483 2427; x_wconf 88' lang='lat' dir='ltr'>eras,</span> <span class='ocrx_word' id='word_1_179' title='bbox 498 2371 524 2417; x_wconf 88' lang='lat' dir='ltr'>et</span> <span class='ocrx_word' id='word_1_180' title='bbox 538 2363 582 2417; x_wconf 89' lang='lat' dir='ltr'>bis</span> <span class='ocrx_word' id='word_1_181' title='bbox 592 2369 638 2415; x_wconf 86' lang='lat' dir='ltr'>tua</span> <span class='ocrx_word' id='word_1_182' title='bbox 648 2358 703 2417; x_wconf 85' lang='lat' dir='ltr'>fata</span> <span class='ocrx_word' id='word_1_183' title='bbox 714 2361 841 2418; x_wconf 87' lang='lat' dir='ltr'>novabis.</span> 
     </span>
     <span class='ocr_line' id='line_1_30' title="bbox 148 2436 890 2510; baseline -0.003 -18"><span class='ocrx_word' id='word_1_184' title='bbox 148 2438 189 2492; x_wconf 92' lang='lat' dir='ltr'>Tu</span> <span class='ocrx_word' id='word_1_185' title='bbox 203 2454 324 2510; x_wconf 89' lang='lat' dir='ltr'>quoque,</span> <span class='ocrx_word' id='word_1_186' title='bbox 337 2455 399 2493; x_wconf 90' lang='lat' dir='ltr'>care</span> <span class='ocrx_word' id='word_1_187' title='bbox 409 2446 496 2510; x_wconf 90' lang='lat' dir='ltr'>pater,</span> <span class='ocrx_word' id='word_1_188' title='bbox 508 2454 562 2493; x_wconf 91' lang='lat' dir='ltr'>non</span> <span class='ocrx_word' id='word_1_189' title='bbox 573 2437 629 2493; x_wconf 90' lang='lat' dir='ltr'>iam</span> <span class='ocrx_word' id='word_1_190' title='bbox 639 2436 764 2493; x_wconf 84' lang='lat' dir='ltr'>mortalis</span> <span class='ocrx_word' id='word_1_191' title='bbox 774 2446 801 2493; x_wconf 88' lang='lat' dir='ltr'>et</span> <span class='ocrx_word' id='word_1_192' title='bbox 811 2437 890 2492; x_wconf 86' lang='lat' dir='ltr'>aevis</span> 
     </span>
     <span class='ocr_line' id='line_1_31' title="bbox 93 2511 796 2587; baseline 0.003 -20"><span class='ocrx_word' id='word_1_193' title='bbox 93 2524 132 2568; x_wconf 79' lang='lat' dir='ltr'>tto</span> <span class='ocrx_word' id='word_1_194' title='bbox 147 2512 279 2569; x_wconf 85' lang='lat' dir='ltr'>omnibus</span> <span class='ocrx_word' id='word_1_195' title='bbox 288 2523 319 2569; x_wconf 89' lang='lat' dir='ltr'>ut</span> <span class='ocrx_word' id='word_1_196' title='bbox 329 2531 450 2579; x_wconf 88' lang='lat' dir='ltr'>maneas,</span> <span class='ocrx_word' id='word_1_197' title='bbox 463 2512 595 2570; x_wconf 88' lang='lat' dir='ltr'>nascendi</span> <span class='ocrx_word' id='word_1_198' title='bbox 606 2511 668 2587; x_wconf 87' lang='lat' dir='ltr'>lege</span> <span class='ocrx_word' id='word_1_199' title='bbox 678 2522 796 2578; x_wconf 90' lang='lat' dir='ltr'>creatus,</span> 
     </span>
     <span class='ocr_line' id='line_1_32' title="bbox 148 2589 855 2662; baseline 0 -19"><span class='ocrx_word' id='word_1_200' title='bbox 148 2607 229 2661; x_wconf 86' lang='lat' dir='ltr'>posse</span> <span class='ocrx_word' id='word_1_201' title='bbox 241 2590 310 2644; x_wconf 89' lang='lat' dir='ltr'>mori</span> <span class='ocrx_word' id='word_1_202' title='bbox 321 2591 418 2662; x_wconf 90' lang='lat' dir='ltr'>cupies</span> <span class='ocrx_word' id='word_1_203' title='bbox 430 2599 498 2654; x_wconf 92' lang='lat' dir='ltr'>tum,</span> <span class='ocrx_word' id='word_1_204' title='bbox 511 2607 598 2662; x_wconf 89' lang='lat' dir='ltr'>quum</span> <span class='ocrx_word' id='word_1_205' title='bbox 608 2589 768 2645; x_wconf 89' lang='lat' dir='ltr'>cruciabere</span> <span class='ocrx_word' id='word_1_206' title='bbox 779 2589 855 2644; x_wconf 89' lang='lat' dir='ltr'>dirae</span> 
     </span>
     <span class='ocr_line' id='line_1_33' title="bbox 142 2665 863 2739; baseline 0.004 -22"><span class='ocrx_word' id='word_1_207' title='bbox 142 2665 283 2737; x_wconf 82' lang='lat' dir='ltr'>sanguine</span> <span class='ocrx_word' id='word_1_208' title='bbox 291 2666 430 2738; x_wconf 89' lang='lat' dir='ltr'>serpentis</span> <span class='ocrx_word' id='word_1_209' title='bbox 441 2684 491 2739; x_wconf 91' lang='lat' dir='ltr'>per</span> <span class='ocrx_word' id='word_1_210' title='bbox 501 2665 595 2721; x_wconf 87' lang='lat' dir='ltr'>saucia</span> <span class='ocrx_word' id='word_1_211' title='bbox 605 2665 728 2721; x_wconf 89' lang='lat' dir='ltr'>membra</span> <span class='ocrx_word' id='word_1_212' title='bbox 739 2674 863 2738; x_wconf 87' lang='lat' dir='ltr'>recepto:</span> 
     </span>
     <span class='ocr_line' id='line_1_34' title="bbox 129 2741 794 2819; baseline 0.006 -28"><span class='ocrx_word' id='word_1_213' title='bbox 129 2745 217 2806; x_wconf 80' lang='lat' dir='ltr'>teque</span> <span class='ocrx_word' id='word_1_214' title='bbox 227 2757 267 2795; x_wconf 77' lang='lat' dir='ltr'>ex</span> <span class='ocrx_word' id='word_1_215' title='bbox 276 2752 394 2802; x_wconf 86' lang='lat' dir='ltr'>aeterno</span> <span class='ocrx_word' id='word_1_216' title='bbox 402 2743 562 2819; x_wconf 87' lang='lat' dir='ltr'>patientem</span> <span class='ocrx_word' id='word_1_217' title='bbox 571 2741 794 2799; x_wconf 79' lang='lat' dir='ltr'>numinumortis</span> 
     </span>
    </p>
   </div>
   <div class='ocr_carea' id='block_1_3' title="bbox 0 0 942 3480">
    <p class='ocr_par' dir='ltr' id='par_1_3' title="bbox 0 0 942 3480">
     <span class='ocr_line' id='line_1_35' title="bbox 0 0 942 3480; baseline 0 0"><span class='ocrx_word' id='word_1_218' title='bbox 0 0 942 3480; x_wconf 95' lang='lat' dir='ltr'> </span> 
     </span>
    </p>
   </div>
  </div>
 </body>
</html>
