1876 3480
124 189 157 241 60
273 226 282 240 .
318 192 346 238 P.
365 191 495 241 0v1u11
512 181 683 238 NASONIS

125 298 154 351 in
165 294 236 350 latus
246 293 393 368 obliquum
403 301 494 350 tamen
504 291 628 359 adstitit:
636 308 739 366 oraque
750 302 823 350 retro

125 369 211 426 flexit.
241 369 276 426 Et
286 378 317 426 ut
327 369 412 426 vellet
422 377 544 443 promtas
556 368 689 424 habuisse
699 370 825 445 sagittas,

124 465 193 520 quas
204 445 303 502 habuit
313 445 354 501 sic
365 445 459 501 hausit
469 461 566 518 aquas,
578 443 746 518 vultumque
757 445 847 502 viriler

68 535 108 577 11111
125 521 258 595 perfudit,
270 539 335 595 spar
355 538 461 594 ensque
471 538 564 576 comas
574 519 726 576 ultricibus
737 521 822 577 undis

123 598 231 654 addidit
241 598 310 653 haeo
319 539 408 653 eladis
418 598 582 670 praenuntia
593 596 679 652 verba
689 595 814 653 futurae:

124 676 219 733 »Nunc
230 673 282 729 tibi
291 690 336 727 me
347 673 438 745 posito
449 673 539 728 visam
550 671 689 727 velamine
700 690 807 739 narres,

124 751 149 804 si
159 750 262 821 poteris
273 765 392 813 narrare,
406 747 496 803 licet«
525 748 582 803 Nec
593 747 673 820 plura
684 749 788 804 minata

125 825 171 881 dat
180 841 276 898 sparso
286 823 371 898 capiti
382 824 489 880 vivacis
500 841 602 879 cornua
614 825 699 889 cervi,

69 911 108 956 115
125 901 170 957 dat
181 901 303 973 spatium
313 898 395 965 collo,
408 916 588 971 summasque
598 900 757 955 cacuminat
766 916 847 954 aures

125 994 189 1032 cum
195 975 371 1048 pedibusque
377 993 485 1041 manus,
498 993 563 1031 oum
574 973 665 1049 longis
671 973 847 1031 brachiamut

124 1050 264 1117 cruribus,
277 1060 304 1108 et
313 1050 387 1107 velat
397 1050 539 1106 maculoso
551 1050 654 1106 vellere
665 1067 778 1123 corpus.

124 1126 243 1183 Additus
254 1135 281 1182 et
291 1144 378 1199 pavor
388 1136 440 1182 est.
471 1128 556 1201 Fugit
565 1125 735 1182 Autonoeius
747 1127 842 1185 heros:

123 1211 190 1258 etse
200 1212 256 1259 tam
267 1201 385 1258 celerem
395 1219 480 1257 cursu
491 1202 607 1257 miratur
617 1203 646 1258 in
657 1203 730 1274 ipso.

68 1289 108 1333 tuo
123 1279 158 1334 Ut
168 1295 234 1334 vero
245 1278 340 1334 vultus
349 1287 377 1333 et
386 1295 489 1334 cornua
499 1277 571 1333 vidit
581 1277 611 1332 in
622 1276 711 1333 unda:

125 1355 181 1412 »hle
188 1355 321 1410 miserum
330 1354 357 1408 lo
367 1353 565 1418 dicturuserat,
573 1370 629 1408 vox
634 1352 711 1408 nulla
722 1362 818 1410 secuta
825 1371 847 1409 et

123 1431 274 1505 Ingemuit3
288 1448 344 1487 vox
355 1429 404 1486 illa
415 1428 483 1498 fuit3
498 1429 684 1501 lacrimaeque
695 1446 804 1502 perora

124 1524 178 1562 uon
189 1525 240 1563 sua
249 1505 402 1574 fluxerunt3
421 1522 500 1560 mens
517 1513 623 1560 tantum
634 1505 753 1578 pristina
763 1522 847 1561 mans?

125 1580 200 1649 Quid
210 1581 310 1639 faciat?
328 1583 478 1654 Repetatue
488 1580 602 1636 domum
613 1589 640 1635 et
650 1578 755 1654 regalia
765 1579 847 1637 tecta‘

68 1667 107 1710 tus
123 1675 158 1712 an
169 1656 250 1712 lateat
264 1656 364 1713 silvis?
379 1658 472 1713 Timor
482 1656 548 1723 hoc,
564 1656 656 1731 pudor
665 1656 784 1729 impedit
795 1655 847 1712 illu

124 1733 195 1788 Dum
209 1731 331 1798 dubitat,
349 1731 444 1789 videre
458 1750 551 1789 canes.
581 1732 748 1805 Primusque
762 1732 847 1789 Melan

641 1826 685 1873 us,

125 1882 344 1954 Ichnobatesque
355 1901 442 1957 sagax
452 1883 552 1940 latratu
562 1825 642 1958 signld
653 1882 800 1951 dederunt,

125 1957 246 2014 Gnosius
257 1958 430 2024 Ichnobates,
442 1959 575 2033 Spartana
584 1968 667 2034 gente
677 1958 834 2033 Melampus

125 2033 191 2089 lnde
202 2041 287 2090 ruunt
297 2034 345 2090 alii
356 2034 452 2106 rapida
462 2034 587 2091 velocius
597 2051 673 2101 aura,

68 2120 108 2163 111
122 2110 300 2185 Pamphagus
326 2118 353 2166 et
374 2112 495 2166 Dorceus
525 2119 553 2167 et
574 2109 724 2175 Oribasos,
756 2108 847 2166 dread

608 2203 714 2252 omnes,

125 2260 391 2336 Nebrophonusque·
406 2260 502 2318 valens
525 2268 553 2317 et
576 2268 735 2392 truxhcum
759 2259 847 2333 Laela]

624 2339 742 2403 Teren,

125 2420 152 2467 et
162 2411 280 2484 pedibus
290 2411 421 2477 Pterelas,
434 2418 461 2467 et
471 2411 585 2468 naribus
596 2413 675 2469 utilis
685 2413 769 2488 Agre,

124 2486 300 2560 llylaeusque
312 2487 389 2543 lerox
400 2505 489 2560 nuper
499 2505 650 2560 percussus
664 2489 698 2544 ab
709 2505 787 2561 apro,

123 2560 213 2633 deque
224 2562 290 2634 lupo
301 2572 433 2636 concepta
443 2564 528 2635 Nape,
541 2564 720 2637 pecudesque
730 2573 825 2620 secuta

68 2646 108 2691 215
123 2636 277 2703 Poemenis,
291 2648 318 2694 ot
327 2640 399 2694 natis
410 2640 537 2694 comitata
547 2641 667 2715 llarpyia
678 2639 800 2705 duobus,

118 2720 148 2768 ot
154 2712 309 2772 substricta
319 2731 421 2792 gerens
431 2713 580 2791 Sicyonius
589 2716 641 2772 ilia
648 2715 753 2781 Ladon,
