1876 3480
140 159 190 211 368
328 163 357 208 Ρ.
380 161 509 207 ovmtt
528 160 701 207 NASONIS

137 263 279 337 ambiguis
288 270 434 334 suspectus
447 260 537 348 equis,
553 278 625 334 ques
636 271 716 316 nocte
726 260 837 317 timeto:

138 348 218 394 nocte
229 346 328 393 nocent
339 346 431 408 potae;
450 338 510 392 sine
521 354 592 392 noxa
605 335 667 391 luce
681 336 828 392 bibuntur.

81 425 121 470 ³³5
134 413 181 470 Sic
191 413 260 469 elias
270 413 394 483 aliasque
406 412 482 467 lacus
493 421 520 467 et
529 411 682 467 llumina
656 429 730 466 vrres

136 490 308 561 concipiunt.
334 489 511 559 Tempusque
523 487 585 551 luit,
600 505 657 558 quo
669 488 747 542 nevit
758 488 788 543 in
799 489 879 544 undis

135 582 210 620 nunc
220 563 297 619 sedet
309 562 433 636 Ortygie.
464 564 568 618 Timuit
577 563 766 618 concursibus
779 562 851 638 Argo

136 639 274 695 undarum
284 656 394 725 sparsas
377 607 603 712 ⁰Symp1egarlas
614 637 760 702 elisarum,

135 732 206 787 quae
220 732 294 770 nunc
305 715 433 769 immotae
443 723 574 786 perstant,
587 714 738 786 ventisque
748 715 882 770 resistunt

79 799 119 844 stu
133 792 191 846 Neo
201 807 272 863 quae
283 789 416 844 sulfureis
427 790 504 844 ardet
515 788 675 844 fornacibus
685 791 775 844 Aetne

134 868 215 939 ignee
225 883 335 937 semper
346 866 411 919 erit:
426 866 600 936 nequeenim
612 864 665 919 luit
677 866 760 938 ignea
772 883 882 938 semper.

133 942 201 996 Nam
213 942 273 995 sive
285 950 326 995 est
335 940 436 995 animal
448 940 530 995 tellus
541 949 567 995 et
579 940 649 994 vivit
660 939 803 1013 habetque

133 1017 300 1088 spiramenta
312 1016 379 1070 locis
390 1014 527 1070 llamrnam
537 1014 696 1070 exhalantia
708 1015 816 1081 multis,

133 1092 258 1163 spirandi
270 1101 375 1146 mutare
387 1092 456 1155 vias,
473 1092 639 1163 quotiesque
651 1101 791 1155 movetur,

77 1174 116 1219 tls
132 1167 182 1222 has
194 1168 272 1221 finire
283 1176 382 1238 potest,
396 1166 458 1221 illas
468 1168 574 1238 aperire
585 1183 734 1222 cavernas:

132 1244 193 1298 sive
205 1241 280 1297 leves
291 1244 356 1296 imis
367 1244 441 1297 venti
453 1243 618 1313 cohibentur
631 1242 660 1296 in
674 1244 774 1307 antris,

130 1334 252 1390 saxaque
262 1335 326 1372 cum
338 1319 414 1372 saxis
425 1326 451 1372 et
462 1318 608 1372 habentem
623 1319 731 1373 semina
744 1317 865 1373 llnmmee

132 1396 273 1448 materiam
285 1394 395 1457 iactant,
413 1411 444 1448 ea
454 1395 576 1465 concipit
588 1393 694 1447 ictibus
706 1395 811 1466 ignem,

131 1478 207 1524 antra
218 1469 411 1540 relinquentur
421 1469 523 1524 sedatis
536 1468 636 1542 frigide
648 1469 757 1524 ventis:

74 1555 113 1596 350
128 1545 189 1599 sive
200 1545 369 1599 bitumineae
380 1546 492 1615 rapiunt
503 1543 630 1599 incendia
643 1546 730 1608 vires,

131 1619 238 1675 luteave
249 1621 359 1692 exiguis
371 1620 519 1674 ardescunt
529 1619 635 1674 sulfura
648 1618 751 1673 fumis:

128 1694 878 1768 nempcubitcrraeibosalimentaqucpinguiaflammae

130 1789 182 1824 non
194 1772 270 1824 debit
281 1772 416 1824 absumtis
429 1772 601 1844 perlongum
614 1771 722 1824 viribus
734 1788 833 1825 aevum

127 1855 294 1916 naturaeque
306 1864 387 1898 suum
401 1849 538 1901 nutrimen
551 1847 639 1900 deerit
650 1846 739 1908 edaci,

70 1932 109 1972 355
126 1938 178 1975 non
193 1921 259 1976 leret
271 1921 288 1974 il
294 1922 317 1975 la
330 1921 444 1983 lentem,
458 1923 622 1993 desertaque
634 1921 744 1975 deseret
755 1922 842 1994 ignee.

126 1997 193 2051 Esse
206 1998 279 2050 viros
292 1996 361 2050 lama
374 2008 414 2050 est
426 1999 453 2050 in
465 1998 638 2071 Hyperborea
652 1996 777 2060 Pallene,

126 2075 174 2143 qui
185 2071 291 2126 soleant
303 2071 412 2136 levibus
424 2075 509 2127 velari
519 2090 630 2144 corpora
642 2073 760 2143 plumis

123 2165 211 2219 quum
222 2148 405 2202 Tritoniacam
417 2151 513 2204 novies
524 2150 635 2202 subiere
648 2148 793 2218 paludem.

124 2225 202 2278 lleud
221 2223 350 2295 equidem
372 2226 466 2290 credo,
492 2241 603 2297 sparsae
623 2240 737 2295 quoque
761 2223 876 2279 merulrra

570 2316 686 2354 venems

66 2386 106 2428 tto
122 2393 250 2430 exercere
261 2384 332 2430 artes
343 2375 489 2448 Scythides
500 2384 687 2429 memorantur
698 2375 821 2430 easdem

122 2450 150 2504 Si
162 2462 217 2523 qua
229 2451 298 2505 lides
309 2451 392 2505 rebus
407 2460 496 2504 tamen
510 2460 551 2504 est
560 2449 686 2504 addenda
700 2450 833 2522 probatis

122 2543 213 2580 nonne
225 2527 313 2591 vides,
326 2543 509 2614 quaeeunque
520 2543 594 2579 mora
605 2522 751 2597 fluidoque
762 2526 849 2582 calore

120 2618 232 2671 corpora
244 2603 412 2666 tabuerint‚'
406 2619 433 2655 rn
446 2619 530 2673 parva
542 2599 671 2654 animalia
683 2600 776 2655 verti‘l

115 2678 264 2755 lquoque.
279 2677 402 2738 delectos
413 2685 547 2734 mactatos
556 2676 642 2731 obrue
655 2682 794 2732 tauros-
