1876 3480
197 177 245 232 lid
325 192 329 199 ·
386 183 417 229 Β.
439 180 568 231 ovum}
583 173 767 243 Nmso'ltbsx

195 286 276 351 uixit,
288 283 539 340 elaeothesium
550 269 822 357 putates'semiooe,

193 379 277 436 quam
289 377 393 436 gerere,
406 369 488 434 atque
499 376 564 425 suae
574 357 887 433 ibi-pmeconsumereri

137 445 177 494 teo
193 437 297 494 Classis
308 437 343 495 ab
354 436 490 509 Oenopiis·
497 437 863 511 etiamnuncliyotiamuris

193 514 312 586 spectari
322 521 436 585 poterat,
449 529 536 584 quum
547 511 630 584 pleno
641 513 749 568 concita
759 512 835 578 velo,
853 535 856 540 ·

192 590 282 645 Attica
293 589 396 661 puppis
410 587 490 645 adest
498 588 727 660 etportusintrat
734 589 850 653 amicos,

196 662 426 737 quaeCephalum
437 663 887 736 patriaequcsimulmandatalere

195 740 330 814 Aeacidae
341 738 423 813 longo
433 740 551 794 iuvenes
561 747 625 811 post
632 747 757 812 tempore
770 741 866 795 visum

139 824 178 873 lte
195 833 332 890 agnovere
343 824 433 870 tamen
445 813 608 887 Cephalum,
624 814 793 888 dextrasque
803 816 887 873 deder

194 893 281 965 inque
291 891 377 964 patris
389 891 493 945 duxere
504 891 628 947 domum.
659 889 827 963 Spectabilis
837 891 887 947 her

195 977 222 1022 et
235 968 335 1023 veteris
346 967 468 1022 retinens
480 967 632 1021 etiamnum
643 967 760 1040 pignora
770 965 877 1022 formae

197 1043 362 1173 inpreditur,
375 1058 540 1115 ramumque
551 1050 648 1097 tenens
658 1042 803 1114 popularis
813 1042 887 1098 olive

197 1137 212 1174 a
242 1127 318 1174 extra
330 1116 463 1190 laevaque
473 1117 544 1173 duos
555 1126 640 1174 aetate
652 1119 774 1173 minores

141 1207 180 1250 soc
197 1195 284 1249 maior
292 1193 384 1258 habet,
399 1192 497 1268 Clyton
508 1202 535 1248 et
544 1195 641 1259 Buten,
653 1191 777 1248 Pallante
788 1202 887 1249 creatos

197 1271 347 1342 Postquam
357 1285 522 1343 congressus
533 1269 617 1341 primi
627 1286 678 1326 sua
689 1269 774 1325 verba
779 1267 887 1324 tulerur

198 1344 381 1418 Cecropidum
392 1343 531 1418 Cephalus
543 1345 650 1419 peragit
658 1344 802 1410 mandata,
819 1361 885 1418 roga

197 1421 346 1486 auxilium,
359 1420 512 1496 foedusque
522 1419 606 1475 refert
614 1428 642 1475 et
651 1421 711 1476 iura
720 1428 879 1492 parentum.

199 1498 405 1570 imperiumque
414 1497 471 1569 peti
481 1497 565 1552 totius
575 1494 713 1553 Achaidos
724 1495 812 1551 addit.

143 1585 183 1628 555
201 1572 246 1629 Sic
257 1573 306 1628 ubi
318 1572 473 1628 mandatam
483 1572 557 1627 iuvit
566 1570 696 1627 facundia
709 1589 848 1636 caussam,

199 1650 316 1713 Aeacus,
329 1649 358 1703 in
369 1647 468 1720 capulo
478 1649 580 1720 sceptri
591 1648 696 1703 nitente
705 1647 829 1711 sinistra,

200 1726 253 1779 »Ne
264 1726 350 1796 petite
359 1724 507 1789 auxilium,
521 1722 571 1778 sed
581 1724 692 1788 sumite,
704 1723 787 1787 dixit,
800 1723 887 1778 Athen

200 1816 251 1874 nec
261 1799 346 1854 dubie
356 1800 440 1864 vires,
459 1817 528 1872 quas
538 1799 699 1855 haechabet
709 1798 813 1863 insula,
827 1807 887 1853 vest

200 1875 301 1939 ducite,
314 1881 341 1930 et
350 1876 440 1930 omnis
454 1883 498 1929 eat
510 1892 602 1930 rerum
613 1882 699 1930 status
710 1875 763 1929 iste
775 1891 887 1929 mearun

145 1963 184 2006 515
199 1950 306 2006 Robora
317 1967 370 2005 non
382 1949 495 2005 desunt:
508 1959 620 2023 superat
630 1950 702 2005 mihi
712 1950 795 2004 miles
807 1957 835 2005 et
845 1949 887 2005 hoe

200 2028 293 2084 Gratia
304 2026 357 2091 die,
371 2025 441 2081 felix
451 2034 477 2081 et
487 2026 678 2082 inexcusabile
689 2034 828 2098 tempusa

201 2104 302 2157 ›ilmmo
313 2102 350 2158 ita
361 2101 411 2157 situ
422 2100 571 2174 Cephalus,
585 2110 703 2157 »crescat
713 2109 760 2156 tua
766 2100 881 2156 civibus

202 2179 270 2234 urbs
279 2179 301 2232 la
310 2179 358 2234 ait.
370 2176 542 2232 »Adveniens
548 2177 679 2250 equidem
685 2175 767 2232 modo
773 2175 887 2250 gaudia<

202 2272 290 2326 quum
301 2263 356 2311 tam
367 2251 483 2326 pulchra
494 2253 579 2317 mihi,
598 2262 654 2308 tam
664 2269 714 2325 par
724 2260 812 2308 aetate
823 2253 887 2306 iuve

147 2342 185 2384 555
201 2331 283 2386 obvia
294 2329 438 2402 processit.
472 2326 572 2384 Multos
583 2335 674 2383 tamen
688 2327 753 2383 inde
765 2328 887 2400 requiro,

202 2424 272 2477 quos
283 2405 423 2478 quondam
433 2403 493 2461 vidi
504 2413 594 2459 vestra
604 2405 683 2475 prius
693 2404 764 2458 urhe
775 2411 887 2475 receptu

204 2481 311 2537 Aeacus
322 2481 460 2555 ingemuit
473 2481 600 2553 tristique
611 2480 648 2534 ita
659 2497 726 2534 voce
739 2478 865 2534 locutus:

204 2555 323 2612 »Flebile
334 2557 505 2630 principium
516 2556 614 2612 melior
626 2555 734 2611 fortuna
745 2562 866 2628 sequuta
878 2571 887 2608 ε

203 2632 278 2686 llanc
289 2634 395 2690 utinam
405 2650 516 2705 possem
527 2631 607 2687 vobis
618 2648 769 2686 memorare
784 2631 847 2684 sine
857 2628 888 2685 ill

141 2718 184 2762 ⁵20
198 2705 385 2767 Ordioenunc
390 2705 790 2786 repetampeulongeambage
797 2722 887 2761 morer
