1876 3480
871 40 883 89 f.

142 162 193 216 222
334 167 362 210 P.
385 165 516 211 0v1n11
535 162 708 211 NASONIS

877 246 886 271 ι

86 282 125 325 555
140 271 197 324 Nec
208 286 257 322 nos
272 277 319 323 aut
329 266 416 322 durus
427 276 513 341 pater,
525 275 572 322 aut
582 264 739 323 reverentia
748 262 839 329 famae,
865 258 893 345 ¹²?

142 353 188 401 aut
202 345 284 400 timor
297 342 444 416 impediet:
457 351 563 399 tantum
574 343 648 399 absit
662 358 761 399 555555
770 338 879 397 timendi.

142 421 240 476 Dulcia
252 419 370 475 fraterno
382 418 435 473 sub
445 420 556 474 nomine
567 418 786 492 furtategemue.

144 497 193 551 Est
203 496 274 550 mihi
286 495 397 550 libertas
412 503 503 551 tecum
514 504 619 550 secreta
631 492 775 566 loquendi¹
895 560 906 569 .

144 582 170 627 et
180 573 279 626 damus
290 570 445 643 amplexus,
459 580 486 626 et
496 571 641 646 iungImus
651 568 750 626 oscula
759 586 853 626 555555.
877 598 880 605 ·
899 618 906 647 Ι.

88 659 127 702 555
143 648 282 715 Quantum
293 655 347 712 est,
365 646 441 719 quod
451 645 541 702 desit‘l
560 647 693 702 Miserere
706 645 886 702 fatentisamo·

646 739 716 781 rem.

144 807 171 853 et
180 817 235 854 non
246 797 378 862 fassurae,
395 799 450 853 nisi
461 806 571 873 cogeret
580 796 700 854 ultimus
710 796 805 854 ardor:

145 893 214 930 neve
226 891 330 929 merere
340 891 401 929 meo
414 875 554 930 subscribi
569 891 666 929 caussa
678 872 833 948 sepulcro«
904 920 908 927 .

148 951 223 1008 Talia
237 949 427 1023 nequidquam
436 959 608 1022 perarantem
619 951 703 1022 plena
714 948 828 1023 reliquit
899 1008 903 1013 ,

146 1045 207 1082 5555
226 1044 353 1090 manum,
371 1043 536 1099 summoque
553 1028 581 1080 in
596 1027 837 1155 marhgine‘versus
848 1022 889 1081 ed
913 1078 916 1083 .

667 1104 750 1159 aesit.

91 1190 130 1234 555
144 1179 273 1233 Protinus
285 1178 419 1249 impressa
433 1178 525 1250 signat
536 1195 585 1232 sua
596 1178 715 1234 crimina
726 1195 843 1255 gemma.
917 1214 920 1219 -

149 1271 232 1326 quam
243 1254 327 1307 tinxit
338 1253 473 1308 lacrimis:
493 1253 604 1326 linguae
614 1252 757 1310 defecerat
766 1254 869 1311 humor.
906 1306 909 1311 .
920 1314 923 1319 ,

146 1332 241 1400 Deque
252 1331 311 1383 suis
327 1347 413 1384 unum
426 1328 538 1384 famulis
549 1328 715 1403 pudibunda
728 1332 845 1397 vocarit,
913 1326 924 1345 ’“

150 1415 176 1461 et
187 1404 320 1477 pavidum
330 1403 454 1460 blandita
468 1406 534 1460 »Fer
544 1405 603 1469 has,
617 1404 767 1473 fidissime,
780 1416 878 1463 nostro·

148 1483 229 1545 dixit,
243 1490 270 1536 et
281 1480 383 1536 adiecit
394 1481 476 1554 longo
486 1490 548 1552 post
562 1490 686 1553 tempore
698 1482 819 1539 »fratri«.

94 1570 133 1612 570
149 1558 240 1623 Quum
253 1556 337 1620 daret,
351 1557 461 1629 elapsae
472 1558 601 1612 manibus
611 1558 738 1614 cecidere
749 1557 872 1615 tabellae.

151 1634 249 1689 Omine
260 1633 368 1688 turbata
383 1642 433 1698 est,
446 1634 524 1687 misit
535 1642 636 1689 tamen.
671 1633 745 1706 Apta
758 1636 878 1691 minister

153 1720 274 1781 tempora
289 1717 385 1763 nactus
396 1709 461 1773 adit,
476 1709 614 1782 traditque
626 1709 740 1766 latentia
752 1711 846 1767 verba.

149 1786 288 1840 Attonitus
299 1784 391 1840 subita
401 1786 512 1839 iuvenis
523 1785 700 1841 Maeandrius
711 1788 752 1842 ira

151 1861 263 1933 proiicit
273 1869 399 1932 acceptas
411 1861 479 1917 lecta
491 1860 546 1915 sibi
557 1871 633 1934 parte
644 1860 774 1927 tabellas,

96 1951 134 1992 555
151 1939 255 2008 vixque
265 1955 364 1992 manus
375 1939 497 1992 retinens
508 1936 672 2008 trepidantis
678 1937 768 1993 abore
776 1938 897 1996 ministri.

152 2012 322 2076 »1155511555ν
335 2031 350 2067 o
364 2014 462 2068 vetitae
472 2012 603 2068 scelerate
615 2012 745 2069 libidinis
755 2025 859 2079 auctor,

152 2089 252 2162 effuge,
265 2090 312 2143 ait.
344 2088 408 2156 Qui,
420 2091 445 2143 si
455 2098 579 2145 nostrum
590 2099 636 2144 tua
647 2087 701 2144 fata
713 2091 851 2162 pudorem

154 2184 208 2221 non
215 2163 462 2234 traherentsecum,
470 2182 572 2237 poenas
582 2165 652 2221 mihi
663 2175 752 2222 morte
758 2167 901 2223 dedisses-a

152 2242 201 2296 Ille
213 2240 285 2314 fugit
295 2241 424 2312 pavidus,
437 2241 622 2314 dominaeque
636 2241 740 2298 ferocia
751 2243 841 2300 Cauni

98 2329 137 2371 580
153 2318 225 2372 dicta
237 2315 329 2371 refert.
359 2318 448 2372 Palles
460 2317 563 2382 audita,
575 2317 666 2391 Bybli,
678 2318 806 2390 repulsa,

155 2404 181 2449 et
191 2402 274 2465 pavet
284 2394 430 2449 obsessum
440 2392 552 2466 glaciali
563 2392 666 2467 frigore
676 2411 792 2466 corpus.

155 2471 232 2524 Mens
246 2478 337 2525 tamen
349 2479 379 2524 ut
389 2469 480 2533 rediit,
493 2471 595 2541 pariter
606 2468 712 2524 rediere
724 2468 845 2535 furores,

157 2543 309 2618 linguaque
323 2547 372 2601 vix
383 2545 451 2601 tales
462 2547 516 2600 icto
529 2544 607 2601 dedit
616 2548 678 2601 aere
690 2562 789 2602 voces:

158 2622 205 2674 »Et
215 2622 326 2677 meritol
342 2621 411 2695 quid
422 2623 497 2677 enim
507 2623 651 2677 temeraria
662 2621 791 2678 vulneris
803 2624 886 2680 huius

101 2707 140 2751 585
156 2695 293 2752 indicium
305 2697 377 2754 feci?
392 2697 472 2772 quid,
486 2716 558 2770 quae
568 2697 681 2753 celanda
692 2697 819 2766 luerunt,

881 374 901 429 5

891 460 911 529 11.

890 534 909 557 “,1
