1876 3480
118 186 168 238 380
308 189 336 233 P.
358 186 485 233 ovton
503 185 674 230 NASONIS

117 283 834 361 Antiphataequedomos,Trachasqueobsessapalue‘

120 373 146 420 et
156 364 238 419 tellus
249 363 358 418 Circaea
370 371 396 416 et
406 361 489 432 spissi
501 358 600 414 littoris
611 358 742 414 Antium.

118 441 177 494 Huc
187 439 236 493 ubi
247 436 388 492 veliferam
399 444 496 490 nautae
506 434 649 489 advertere
660 435 786 490 carinam

63 525 103 568 tto
120 514 209 586 (asper
219 513 293 566 enim
303 513 356 565 iam
369 520 468 582 pontus
478 508 557 581 erat),
573 508 834 581 deusexplicatorbt

120 605 223 659 perque
235 587 313 641 sinus
324 587 433 639 crebros
444 593 470 638 et
481 601 579 656 magna
590 582 737 640 volumina
752 585 834 640 labent

121 661 221 733 templa
233 661 352 732 parentis
364 661 416 714 init
426 657 526 713 ssavum
537 659 677 730 tangentia
691 658 781 715 littus.

53 768 57 777 ι
119 741 244 808 Aequore
255 736 360 807 placato
371 735 471 804 patrias
482 732 651 803 Epidaurius
662 751 727 788 aras

122 813 233 882 linquit,
245 819 272 864 et
282 809 401 879 hospitio
412 808 498 862 iuncti
510 807 564 861 sibi
575 809 703 862 numinis
715 826 794 873 usus,

66 898 105 940 725
123 887 256 941 littoream
268 893 354 939 tractu
366 900 496 954 squamae
506 883 668 953 crepitantis
679 901 793 939 arenam

122 959 220 1023 sulcat,
232 968 259 1013 et
270 960 382 1013 innixus
393 957 578 1011 moderamine
589 958 670 1011 navis
684 958 716 1012 in
729 959 783 1015 alta

123 1051 217 1107 puppe
228 1044 310 1105 caput
321 1034 422 1103 posuit,
435 1032 521 1086 donee
532 1031 718 1103 Castrumque
729 1051 835 1106 sacrasq

123 1109 221 1163 Lavini
232 1107 311 1161 sedes
325 1107 508 1176 Tiberinaque
518 1105 552 1160 ad
562 1107 631 1160 ostia
644 1108 735 1162 venit·

123 1184 182 1237 Huc
193 1199 287 1236 omnes
298 1181 394 1255 populi
406 1181 519 1252 passim,
527 1189 704 1252 matrumque
711 1192 835 1255 patrumq

67 1269 107 1312 730
122 1257 203 1312 obvia
215 1254 293 1311 tdrba
305 1258 373 1318 ruit,
386 1272 512 1327 quaeque
526 1256 619 1328 ignes,
632 1258 741 1321 Troica,
754 1275 832 1313 serva

123 1332 213 1395 Vesta,
227 1339 301 1394 tuos,
319 1330 442 1401 laetoque
453 1330 534 1383 deum
546 1330 665 1385 clamore
676 1332 809 1388 salutant.

122 1405 236 1477 Quaque
246 1423 295 1477 per
304 1405 433 1459 adversas
444 1406 523 1458 navis
533 1405 585 1458 cita
596 1404 711 1461 ducitur
721 1405 820 1471 undas,

125 1493 183 1536 tura
194 1497 278 1550 super
288 1481 361 1550 ripas
372 1481 426 1534 aris
438 1497 472 1533 ex
481 1479 577 1533 ordine
591 1478 672 1535 laetis

126 1564 200 1627 parte
212 1554 246 1608 ab
258 1563 372 1625 utraque
384 1567 481 1608 sonant
491 1567 518 1608 et
528 1553 642 1609 odorant
652 1558 714 1611 aera
727 1556 826 1611 sumis:

69 1645 108 1684 735
125 1633 232 1701 ictaque
242 1630 379 1682 coniectos
390 1629 528 1683 incalfacit
539 1630 626 1684 hostia
638 1630 754 1685 cultros.

124 1704 835 1775 lamquecaputrerum,Romanamintraveraturbet

126 1781 241 1851 erigitur
250 1796 372 1848 serpenS,
385 1796 548 1848 summoque
559 1778 675 1833 acclinia
690 1780 764 1836 malo

125 1854 194 1908 colla
206 1861 295 1906 movet
306 1853 440 1923 sedesque
451 1853 505 1906 sibi
517 1854 709 1925 circumspicit
720 1865 808 1927 aptas.

126 1928 267 1982 Scinditur
279 1929 306 1980 in
317 1928 442 1999 geminas
455 1936 543 1998 partes
555 1929 737 1984 circumfluus
752 1932 835 1984 amnis

69 2012 108 2056 tto
124 2003 215 2058 Insula
228 2019 325 2056 nomen
337 2002 432 2056 babet:
453 2003 622 2073 laterumque
638 2023 653 2057 a
669 2015 748 2075 parte
760 2006 835 2060 duort

127 2079 242 2149 porrigit
252 2076 380 2146 aequales
391 2077 479 2130 media
491 2076 588 2131 tellure
599 2078 727 2133 lacertos

125 2155 184 2206 Huc
194 2170 223 2205 se
237 2151 270 2204 de
281 2152 354 2205 Latia
368 2153 434 2222 pinu
446 2151 599 2205 Phoebeius
611 2156 713 2226 anguis

124 2227 248 2288 eontulit,
262 2235 287 2278 et
299 2227 380 2278 linem
391 2228 483 2297 speeie
493 2226 610 2281 coeleste
622 2240 746 2284 resumta

129 2301 249 2355 lucillius
260 2301 400 2369 imposuit,
415 2303 543 2372 venitque
555 2302 680 2358 salutifer
691 2305 772 2358 Urbi.

70 2384 108 2429 tls
162 2377 211 2430 Hic
223 2385 311 2429 tamen
323 2377 438 2429 accessit
448 2375 571 2430 delubris
582 2377 688 2432 advena
701 2381 818 2433 nostris:

125 2451 222 2505 Caesar
234 2451 261 2503 in
274 2450 343 2503 Urbe
356 2468 405 2503 sua
416 2450 484 2503 deus
495 2461 549 2505 est:
567 2470 651 2523 quem
663 2454 750 2508 Marte
761 2464 836 2528 togaq

127 2526 306 2594 praecipuum
318 2542 371 2577 non
383 2525 454 2579 bella
467 2527 555 2598 magis
566 2529 640 2582 linita
655 2529 808 2601 triumphis

125 2616 223 2668 resque
234 2599 308 2652 domi
321 2609 424 2671 gestae,
439 2611 636 2673 properataque
646 2603 737 2676 gloria
748 2621 836 2659 rerum

119 2674 150 2730 in
162 2673 243 2731 sidus
254 2683 360 2732 vertere
371 2692 477 2731 nouum
485 2676 648 2748 stellamque
656 2688 821 2743 comantem,
