1876 3480
696 74 713 83 ·*
754 70 812 109 ,·.·

881 110 913 139 'o

121 144 173 199 tto
313 102 682 194 communionum
715 116 732 199 ’,
833 126 858 213 23,

124 247 260 320 affusiquo
270 263 337 303 suec
347 245 489 309 radicibus
498 238 606 307 etheris
614 242 743 307 mermi.
908 282 912 291 =

121 323 167 379 Nil
179 323 234 378 nisi
244 323 299 379 iam
310 321 419 389 faciem,
427 321 502 395 quod
510 338 566 377 non
575 319 647 377 foret
655 320 748 387 arbor,
758 318 871 377 hebebit

122 417 183 456 cnm
195 415 282 454 soror.
312 398 453 455 Lacrimae
463 397 565 455 misem
575 396 739 470 decerpere
748 394 826 453 lectio

124 477 242 531 irrorent
252 472 341 530 loliis:
353 489 386 531 ac
396 473 465 530 dum
474 472 540 530 licet
548 489 653 546 coequo
661 479 805 546 pietatm

67 563 107 606 alu
123 552 201 608 vocis
211 551 273 615 iter,
286 548 355 607 tales
363 548 463 607 effudit
471 549 501 605 iu
511 551 573 607 alicu
583 557 717 622 questus:
730 560 733 565 '
912 610 916 623 1

121 626 163 682 ‘Si
173 643 228 701 qua
238 624 307 682 fides
317 625 437 692 miseria,
451 624 505 683 hoo
513 643 559 681 me
567 641 620 698 per
627 624 818 687 nominatum
883 658 892 675 ·
910 640 916 715 ,¹

124 701 427 759 nonmeruissenelaa:
447 700 741 775 potinreineerimine
749 716 870 774 putum·
914 720 916 759 l

123 779 253 835 Viximus
262 777 412 834 innocuae:
424 777 450 833 ai
460 777 587 841 mentior,
599 774 677 833 arida
685 775 813 849 pardem,
913 792 916 799 ·

126 872 195 928 quas
205 853 304 921 haheo,
316 852 439 919 nendos,
451 862 479 909 ct
487 850 812 915 ottmttoRribuuunt.

69 942 109 986 tit
123 931 204 987 Hunc
213 937 305 986 tamen
316 928 450 987 infantem
460 927 593 993 maternis
602 927 707 989 demite
717 927 813 993 mnis.

125 1014 152 1062 et
158 1005 222 1062 dato
231 1005 344 1071 nutrici,
356 1013 505 1078 nocuoque
513 1004 569 1061 nub
577 1003 676 1063 eriere
683 1018 774 1076 stopo

125 1081 168 1137 lac
180 1081 290 1137 facitote
299 1079 386 1147 bibat,
398 1089 548 1154 nocuoque
556 1078 611 1136 nub
620 1078 819 1139 inhominem,

124 1157 273 1229 Quumque
284 1154 362 1230 loqui
371 1156 481 1230 poterit,
494 1152 612 1215 metram
619 1153 734 1230 iucitcte
743 1152 850 1219 aalma

128 1242 154 1289 et
166 1232 254 1288 tristis
267 1231 365 1289 dictat:
380 1231 677 1305 “mathocmoipite
684 1226 802 1289 mater?

71 1320 111 1364 tto
126 1309 506 1382 Stagmtamentimeat,noc
515 1304 858 1382 mmotobarboneflm,
912 1350 916 1355 -

127 1383 383 1443 ettrutioesomnee
393 1401 494 1458 corpus
504 1382 792 1457 panteneiam
833 1430 861 1435 ..

129 1461 206 1523 Care,
217 1458 289 1525 vale,
301 1461 415 1526 coniux,
428 1469 455 1517 et
464 1469 495 1517 tu
504 1476 644 1535 germana,
656 1467 736 1533 puter
777 1458 807 1515 el

129 1533 728 1611 qui,siqueeetpietaaaheoutaevulnere
768 1534 831 1600 bic,
866 1578 870 1585 -

129 1612 263 1684 apecoris
273 1629 367 1669 morsu
378 1610 489 1669 frondea
501 1610 641 1669 defendite
651 1619 772 1667 neutras.
840 1652 844 1657 -

74 1699 112 1743 tto
128 1689 162 1742 Et
172 1687 304 1760 quoniam
313 1689 385 1745 mihi
395 1686 436 1744 los
447 1687 483 1744 ad
491 1704 541 1744 vos
549 1687 713 1744 incumbere
723 1705 781 1743 uon
791 1693 841 1750 est,

130 1763 228 1836 erigite
239 1762 294 1820 huc
304 1772 389 1830 artua,
401 1771 429 1819 et
437 1763 473 1820 ad
481 1761 577 1819 ceculo
587 1770 679 1819 nostra
688 1764 793 1828 venite,

129 1838 195 1893 dum
206 1840 282 1914 tangi
291 1857 415 1912 poenum,
427 1856 601 1912 parvumque
610 1836 727 1896 attollite
736 1847 843 1894 netum.

130 1914 212 1968 Plura
223 1913 302 1987 loqui
312 1912 433 1988 nequeo:
455 1932 520 1972 nam
533 1916 590 1972 ium
599 1931 650 1988 per
659 1913 779 1971 condida
788 1910 877 1969 mollia

132 1989 201 2045 colle
214 1989 284 2045 liber
293 1992 389 2064 serpit,
402 2007 567 2064 summoque
577 1990 723 2047 cacumine
732 1989 846 2046 omdor.

75 2077 115 2120 tto
131 2067 173 2121 Ex
183 2066 272 2120 oculis
284 2076 421 2124 removete
430 2083 540 2124 manus.
568 2065 760 2123 Sinemunere
771 2073 860 2122 vaano

133 2143 254 2216 contegit
262 2141 393 2223 inductus
403 2142 548 2199 morientia
557 2140 663 2198 lumino
673 2140 788 2197 cortex?

73 2268 82 2277 ,
131 2219 273 2272 Desierant
283 2218 367 2281 simul
376 2236 423 2274 ore
436 2217 522 2290 loqui,
534 2216 618 2273 simul
629 2234 705 2286 essc3
721 2216 830 2290 diuque

134 2311 246 2364 corpore
256 2301 359 2348 mutato
370 2295 439 2350 rami
449 2291 559 2351 caluere
569 2301 721 2350 recentem

171 2369 298 2441 Dumque
306 2368 455 2425 refertlole
464 2368 568 2426 lectum
577 2366 748 2432 miserabile,
760 2367 882 2440 dumque

78 2452 117 2497 3⁹5
133 2443 281 2517 Eurytidos
292 2442 419 2502 lacrimas
428 2445 538 2502 admoto
547 2444 650 2520 pollice
660 2445 748 2500 siccat

132 2518 273 2585 Alcmene,
286 2517 332 2576 flet
342 2528 369 2577 et
381 2521 441 2594 ipsa
451 2530 557 2592 tamem
569 2521 744 2594 compescuit
754 2534 864 2575 omnem

136 2597 420 2655 resuovatristitiam.
450 2598 520 2654 Num
530 2595 628 2653 limine
639 2596 767 2653 constitit
777 2594 832 2652 alto

135 2687 222 2742 poene
232 2687 312 2743 puer,
324 2672 465 2748 dubiaque
474 2681 571 2749 tegens
581 2673 715 2748 lanugine
726 2671 815 2728 melan
