1876 3480
158 182 207 236 3l2
350 184 377 232 P.
399 182 527 234 ovrnn
545 182 716 231 NASONIS

158 291 259 346 Littera
270 289 425 346 communis
435 287 536 344 mediis
546 303 689 376 pueroque
700 287 815 360 viroque

157 366 289 440 inscripta
300 374 341 422 est
352 364 436 429 foliis
448 365 516 420 baec
530 364 659 429 nominis
673 362 722 419 illa
733 363 862 437 querelae.

196 443 290 499 Victor
300 441 333 498 ad
344 439 512 517 Hypsipyles
522 441 638 513 patriam
648 438 774 513 clarique
780 437 892 496 Thoantis

104 527 143 573 luo
158 528 185 575 et
195 528 319 574 veterum
330 527 416 575 terras
427 516 544 573 infames
555 516 677 572 caedo
648 533 774 572 virorum

160 594 221 652 vela
232 595 287 660 dat
299 605 330 652 ut
340 593 447 660 referat
460 592 601 669 Trrynthra
613 591 677 659 tela
689 594 815 668 sagittas.

160 671 235 739 Quae
251 681 397 745 postquam
412 636 447 727 ad
462 670 559 727 Graios
574 668 687 725 domino
702 671 893 726 comitantem

657 749 744 812 vexit,

159 825 287 896 imposita
297 832 339 880 est
349 839 431 878 saevo
441 822 551 879 tandem
562 840 660 878 manus
671 788 772 879 nltirlra
782 820 859 878 bello
924 842 928 873 .·

162 901 241 956 Troia
255 897 338 955 simul
349 899 531 972 Priamusque
542 898 657 955 cadunt:
668 896 894 955 Priameiaooniur

105 985 144 1032 445
160 975 281 1050 perdidit
291 974 391 1031 infelix
402 975 523 1031 hominis
534 984 595 1048 post
605 976 698 1031 omnia
709 975 833 1039 formam.
924 984 928 1061 4

162 1062 344 1125 externasque
355 1051 536 1108 novolatratn
547 1052 644 1107 terruit
654 1069 747 1108 auras
926 1106 928 1121 ,

160 1129 291 1202 Longus
284 1146 312 1182 rn
324 1138 473 1202 augustum
483 1145 537 1201 qua
548 1126 688 1183 clauditur
697 1127 886 1217 llsllespontns,

161 1204 230 1259 llion
244 1203 365 1269 ardebat,
378 1222 468 1278 neque
482 1205 574 1261 adbuc
583 1202 763 1260 consederat'
756 1203 840 1278 ignis:

163 1280 352 1354 exiguumque
362 1282 437 1336 senis
448 1282 549 1337 Priami
563 1281 636 1337 lovis
646 1298 691 1336 ara
704 1296 828 1335 cruorem

106 1364 146 1410 444
161 1355 339 1412 combiberat
370 1358 492 1413 Tractata
501 1357 587 1413 comis
598 1357 720 1414 antistita
730 1355 833 1412 Phoebi

164 1450 217 1488 non
229 1431 398 1505 profecturas
411 1433 539 1490 tendebat
548 1433 583 1490 ad
594 1433 704 1490 aethera
716 1431 831 1506 palmas

162 1508 330 1565 Dardanidas
341 1519 441 1565 matres
451 1511 601 1581 patriorum
612 1510 693 1584 signa
705 1509 828 1573 deorum.

164 1585 230 1640 dum
243 1584 315 1650 licet,
328 1585 480 1674 amplexas,
487 1583 896 1658 succensaquetemplatcnenus

163 1659 300 1716 invidiosa
312 1661 423 1717 trahunt
435 1662 551 1717 victores
563 1663 684 1734 praemia
696 1662 785 1717 Graii.

108 1746 147 1792 445
108 1738 280 1794 Mittitur
289 1737 339 1792 As
328 1745 428 1811 tyanax
440 1736 497 1793 illis
509 1737 544 1792 de
554 1737 687 1801 turribus
701 1737 776 1792 unde

166 1823 334 1886 pugnantem
344 1830 393 1884 pro
403 1831 432 1868 se
444 1814 623 1886 proavitaque
635 1831 719 1886 regua
734 1822 852 1868 tuentem

165 1906 245 1961 saepe
258 1889 351 1944 videre
362 1899 465 1961 patrem
478 1897 658 1944 monstratum
670 1908 684 1944 a
701 1899 788 1944 matre
803 1885 897 1944 solebat

167 1966 315 2038 lamque
290 1984 362 2020 vram
376 1965 473 2021 suadet
484 1966 590 2030 boreas,
607 1963 729 2054 flatuque
741 1964 857 2021 secundo

168 2042 279 2097 carbasa
291 2051 360 2098 mota
376 2051 486 2097 sonant:
505 2042 583 2098 iubet
597 2043 636 2097 uti
648 2042 740 2097 navita
752 2042 849 2096 ventis.

111 2127 150 2171 tut
166 2119 269 2183 »Troia
278 2117 352 2173 valel
366 2119 503 2190 rapimur«
514 2116 642 2183 clamant,
654 2117 721 2173 dant
732 2116 899 2173 osculalerrar

167 2194 295 2259 Troades,
311 2203 338 2249 el
349 2195 451 2266 patriae
464 2192 596 2249 fumantia
607 2202 675 2250 tecta
688 2193 856 2266 relinquunt.

170 2270 269 2326 Ultima
281 2269 441 2326 conscendit
452 2270 582 2334 classem,
598 2267 759 2324 miserabile
771 2271 840 2331 visu,

170 2348 197 2401 in
210 2347 309 2401 mediis
320 2346 430 2401 lleeube
442 2355 567 2401 natorum
579 2347 690 2401 inventa
705 2343 865 2418 sepulchris.

168 2423 344 2479 Prensantcm
356 2421 477 2478 tumulos
489 2432 571 2494 atquc
581 2421 695 2478 ossibus
705 2421 801 2478 oscula
812 2421 900 2476 dantem

114 2505 153 2550 445
168 2499 310 2553 Dulichiae
322 2509 427 2555 traxere
438 2516 546 2553 manus.
580 2499 682 2554 Tamen
693 2498 779 2553 unius
791 2496 880 2553 bausit.

171 2574 254 2644 inquo
265 2577 327 2629 sinn
339 2576 445 2630 cineres
457 2591 551 2630 secum
562 2573 625 2631 tulit
635 2575 759 2631 Hectoris
771 2575 881 2630 haustos.

170 2649 292 2704 Hectoris
304 2651 332 2705 in
345 2650 451 2707 tumulo
462 2668 562 2706 canum
573 2651 607 2707 de
618 2651 721 2707 vertice
732 2653 844 2706 crinem.

165 2725 283 2787 inferias
294 2728 407 2807 inopes,
419 2725 846 2798 crinemlacrimasuuereliquit.
