1876 3480
120 135 171 187 360
311 139 338 183 l‘.
359 137 487 203 oqmu
506 137 679 183 NASONIS

118 241 237 314 Prodiga
250 239 363 295 divitias
373 238 560 311 alimentaque
570 237 649 294 mitia
659 237 746 308 tellus

122 317 249 391 suggerit
271 325 354 388 atque
375 312 471 386 epulas
493 316 555 369 sine
579 314 666 369 caede
689 323 718 371 et
740 320 874 391 sanguine

122 470 209 525 Carne
223 466 295 523 ferae
305 465 403 521 sedant
413 466 527 523 ieiunia.
540 483 591 520 nec
603 390 819 524 taprlrleerlblbnes:

121 547 227 618 quippe
238 560 328 615 equus
338 551 365 596 ct
374 541 496 613 pecudes
506 550 688 615 armentaque
698 546 825 617 gramine
835 545 874 599 vi-

622 626 703 672 vunt.

66 710 91 751 15
120 697 155 752 At
174 694 278 767 quibus
303 692 447 765 ingenium
470 701 512 747 est
536 694 813 766 immansuetumque
840 693 874 749 le-

623 784 756 842 rumque,

124 846 326 916 Armeniaeque
338 844 422 916 tigres
434 843 618 915 iracundique
631 843 737 909 leones,

122 919 871 995 cumquelupisursi‚dapibuscumsanguinegaudenl.

123 1000 181 1053 lleu
193 1005 327 1069 quantum
339 994 430 1049 scelus
442 1005 483 1049 est
495 995 641 1050 inviscera
654 996 764 1051 viscera
775 997 860 1057 condi.

124 1081 311 1146 congestoque
322 1071 436 1125 avidum
448 1070 631 1143 pinguescere
642 1088 760 1143 corpore
771 1090 871 1145 eorpus,

69 1164 94 1205 11
122 1149 292 1219 alteriusque
302 1147 469 1200 animantem
483 1147 633 1201 animantis
644 1147 742 1201 vivere
758 1147 825 1203 leto!

125 1223 238 1280 Scilicet
248 1223 276 1276 in
291 1222 374 1276 tantis
384 1221 496 1292 opibus,
509 1238 579 1292 quas
589 1223 696 1294 optima
707 1232 827 1279 matrum

125 1310 195 1355 terra
206 1306 288 1360 creat,
305 1296 343 1350 nil
355 1307 381 1351 te
392 1298 447 1351 nisi
462 1297 548 1351 tristia
561 1297 694 1353 mandere
705 1315 790 1354 saevo

125 1374 239 1430 vulnera
251 1372 333 1427 dente
344 1373 430 1436 iuvat,
442 1373 568 1444 ritusque
578 1372 681 1428 referre
693 1373 861 1448 Cyclopum?

127 1469 187 1514 nec,
201 1450 255 1504 nisi
268 1448 423 1521 perdideris
434 1448 530 1511 alium,
543 1447 652 1519 placare
664 1453 775 1504 vomcis

70 1542 96 1584 11
126 1536 153 1583 et
163 1525 233 1581 male
244 1525 341 1579 morati
353 1525 455 1596 poteris
466 1524 569 1578 ieiunia
581 1523 709 1579 ventris?

129 1603 163 1659 At
173 1611 254 1656 vetus
266 1599 312 1654 illa
324 1609 406 1662 aetas,
420 1600 465 1654 cui
478 1599 594 1654 lecimus
605 1617 688 1655 aurea
702 1617 813 1663 nomen,

130 1678 249 1732 foetibus
260 1676 382 1730 arboreis
393 1685 420 1729 et
430 1693 499 1746 quas
514 1675 616 1729 humus
628 1676 738 1741 educat,
752 1677 844 1731 herbis

130 1754 265 1808 fortunata
277 1751 338 1814 sirit,
351 1769 401 1805 nec
414 1751 514 1822 polluit
523 1769 568 1806 ora
579 1768 688 1805 cruore.

128 1833 149 1885 Τ
151 1847 205 1886 unc
216 1838 242 1882 et
252 1845 317 1882 aves
329 1837 402 1881 tutae
413 1844 523 1881 movere
534 1845 582 1898 per
591 1829 652 1881 ae'ra
667 1845 785 1898 pennas,

74 1921 112 1960 11111
132 1915 158 1960 et
171 1904 250 1975 lepus
261 1903 421 1974 impavidus
433 1903 532 1956 mediis
544 1903 646 1956 erravit
658 1905 687 1956 in
699 1905 786 1961 arvis,

131 1999 181 2035 nec
192 1998 241 2034 sua
252 1978 400 2032 credulitas
412 1980 516 2049 piscem
528 1978 712 2048 suspenderat
723 1979 820 2034 hamo:

131 2066 228 2110 curicta
241 2055 300 2108 sine
312 2054 423 2108 insidiis
435 2053 596 2125 nullamque
608 2054 735 2108 timentia
748 2053 867 2109 fraudem

130 2133 267 2203 plenaque
280 2131 355 2200 pacis
367 2138 453 2185 erant.
478 2131 625 2200 Postquam
638 2147 692 2183 non
704 2131 786 2184 utilis
796 2140 881 2185 auctor

132 2209 253 2262 victibus
264 2206 375 2267 invidit,
388 2206 517 2276 quisquis
530 2204 583 2259 fuit
598 2205 653 2267 ille,
667 2204 797 2271 deorum,

77 2298 114 2338 1111
131 2299 331 2354 corporeasque
342 2281 426 2352 dapes
438 2281 546 2334 avidam
558 2280 691 2334 demersit
701 2282 731 2335 in
744 2281 848 2345 alvum,

132 2359 197 2414 lecit
209 2360 260 2412 iter
270 2357 378 2420 sceleri,
391 2358 537 2428 primoque
549 2374 562 2410 e
575 2357 657 2410 caede
671 2355 795 2412 serarum

132 2434 281 2489 incaluisse
293 2441 373 2504 putes
384 2430 551 2485 maculatum
562 2433 698 2505 sanguine
712 2432 829 2488 lerrnm.

132 2510 219 2581 quue
228 2509 295 2562 satis
307 2508 404 2563 fuerat.
433 2509 620 2579 Nostrumque
632 2509 753 2578 petentia
767 2509 851 2565 letum

134 2603 245 2655 corpora
259 2585 341 2636 missa
354 2584 414 2636 neci
426 2583 500 2636 salva
513 2585 612 2655 pietate
624 2583 754 2638 fatemur.

77 2672 116 2717 111
132 2660 186 2714 Sed
197 2677 280 2734 qnam
291 2659 379 2713 danda
392 2660 464 2722 neci,
479 2667 534 2713 tam
549 2677 601 2713 non
615 2658 754 2730 epulanda
768 2660 884 2716 fuerunt.

18 2886 106 2930 st
