1876 3480
168 162 214 214 333
355 164 383 208 3.
403 160 530 210 ovrnu
549 158 718 225 nnaoqra
763 154 803 177 ··
897 39 932 213 Ἰ

54 304 71 321 -.
167 267 284 324 telorum
293 272 399 333 eustcs;
413 278 506 319 arcum
516 278 627 334 quoque
637 259 716 317 laeva
725 261 843 319 tenebat.
895 262 899 269 '
924 256 932 305 i

166 340 240 398 Talis
250 349 307 396 erat
317 339 422 395 cultus:
437 337 531 402 iacies,
548 354 630 409 quam
641 335 735 393 dicere
744 354 809 395 vere
930 350 932 355 ·

167 418 321 492 virgineam
332 415 360 469 in
371 430 468 487 puero,
478 412 613 485 puerilem
624 413 653 466 in
665 412 775 486 virgine
785 413 877 487 pessis.

165 494 240 549 Hanc
251 492 353 563 pariter
361 488 441 554 vidit,
458 488 560 560 pariter
570 486 738 562 Calydonius
749 486 829 545 berea

111 580 149 623 333
165 567 279 641 optavit,
292 572 423 620 renuente
434 563 494 627 dec,
506 560 685 634 flammasque
696 562 812 619 latentes

166 643 268 706 bausit,
281 650 307 696 et
320 640 356 695 30
369 638 446 703 felix,
458 637 483 692 si
494 654 576 710 quem
587 636 759 715 dignabitur,
771 637 801 693 in
840 639 866 704 it,

165 719 217 772 ista
229 715 352 771 virumlu
368 730 418 769 nec
427 712 506 785 plura
516 712 758 785 sinittempusque
768 729 808 786 pu
841 726 897 785 rqut

166 792 271 847 dicere:
288 790 377 845 maius
390 805 460 860 opus
471 788 563 861 magni
574 787 733 843 certaminis
744 795 833 863 urget.

204 865 279 922 Silva
291 864 420 936 frequens
430 861 569 926 trabibus,
591 878 674 934 quam
689 861 767 919 nulla
777 861 896 919 eeeitlertt

112 1027 151 1071 333
165 1015 264 1085 incipit
273 1033 288 1070 a
298 1013 389 1086 plano,
402 1012 563 1084 devexaque
571 944 706 1085 prlaiiiilait
715 1029 792 1068 arva.

166 1088 226 1155 Quo
237 1098 381 1161 postquam
392 1104 491 1142 venera
502 1087 569 1142 viri:
586 1103 650 1159 pars
659 1087 728 1142 retia
740 1086 858 1151 tendunt.

168 1163 279 1220 vincula
294 1180 358 1235 pars
373 1162 498 1217 adimunt
516 1161 645 1226 canibus,
665 1178 734 1239 pars
754 1178 846 1234 pressa
860 1174 894 1215 33-

169 1313 247 1386 signa
258 1244 893 1384 pedum,cupiun'tquesuumriiueiiriiierielm.
917 1390 920 1395 ι

169 1386 293 1442 Concava
306 1385 388 1443 vallis
399 1395 464 1451 erat,
480 1402 534 1458 qua
545 1402 575 1440 se
586 1385 731 1443 demittere
740 1387 794 1442 rivi

113 1471 152 1516 333
168 1469 310 1516 assuerant
319 1459 451 1533 pluvialis
461 1477 558 1532 aquae.
592 1462 676 1516 Tenet
685 1461 742 1516 ima
753 1460 860 1519 lacunae

169 1536 242 1592 lenta
253 1536 325 1591 salix
333 1535 470 1607 ulvaeque
482 1535 556 1591 leves
566 1535 697 1607 iuncique
707 1536 843 1608 palustres

169 1606 330 1682 viminaque
340 1618 367 1666 et
376 1610 456 1684 longa
468 1626 567 1682 parvae
577 1609 631 1665 sub
641 1606 777 1666 arundine
786 1624 884 1667 cannae.
925 1664 929 1675 ,

168 1686 238 1740 Hinc
249 1702 314 1756 aper
324 1687 432 1740 excitus
442 1684 546 1740 medies
557 1683 694 1740 violentus
705 1686 735 1740 in
746 1686 837 1742 hostes
925 1684 928 1693 '

168 1757 263 1823 fertur,
278 1767 308 1813 ut
319 1761 443 1814 excussis
454 1758 539 1815 elisus
548 1760 670 1814 nubibus
680 1761 766 1834 ignis.

114 1840 153 1888 313
166 1833 302 1889 Sternitur
312 1834 425 1888 incursu
437 1852 543 1898 nemus,
560 1843 585 1890 33
596 1834 725 1907 propulsa
737 1835 864 1912 fragorem
924 1878 930 1889 .

169 1909 240 1964 silva
252 1907 306 1962 dat.
327 1907 488 1965 Exclamant
497 1911 622 1974 iuvenes,
634 1919 815 1984 protentaque
822 1909 875 1966 lorti

168 1983 221 2041 tela
233 1991 326 2038 tenent
335 1981 430 2038 dextra
442 1983 494 2039 lato
506 1984 641 2041 vibrantia
652 1983 735 2040 13333.

170 2058 220 2113 1113
230 2059 286 2112 3313
296 2058 455 2130 spargitque
465 2075 555 2124 canes,
568 2068 599 2115 ut
607 2060 727 2131 quisque
738 2059 838 2116 furenti

168 2133 266 2197 obstat,
278 2140 304 2186 33
313 2130 425 2202 obliquo
437 2133 564 2189 latrantes
573 2133 689 2206 dissipat
699 2135 767 2190 ictu,

115 2214 153 2260 333
170 2208 269 2278 Cuspis
280 2205 413 2261 Echionio
424 2208 545 2278 primum
555 2217 674 2264 conterta
686 2208 787 2265 lacerto

173 2301 240 2337 vana
251 2282 312 2345 luit,
325 2290 477 2353 truncoque
487 2281 564 2340 dedit
572 2283 632 2338 leve
642 2283 746 2339 vulnus
759 2299 863 2340 acerno.

170 2357 307 2421 Proxima,
320 2357 345 2411 si
355 2358 449 2411 nimiis
460 2358 592 2414 mittentis
603 2358 711 2414 viribus
722 2377 772 2415 usn

171 2448 225 2485 non
237 2432 314 2496 13333,
331 2433 360 2486 13
371 2442 446 2505 terge
457 2434 516 2487 visa
526 2442 568 2488 est
578 2434 692 2490 haesura
702 2434 803 2506 petito:

171 2504 280 2579 longius
290 2508 322 2562 it.
351 2506 452 2562 Auctor
461 2507 509 2562 teli
519 2509 672 2582 Pagasaeus
683 2510 772 2564 lason.

115 2590 155 2632 333
173 2580 306 2646 3Ρ1333133,
318 2582 540 2656 aitAmpycides‚
560 2584 584 2637 si
597 2592 622 2638 te
632 2583 763 2656 coluique
771 2584 890 2657 coloque.

172 2653 205 2708 da
217 2655 296 2720 mihi,
308 2656 381 2727 quod
393 2658 503 2728 petitur,
516 2665 588 2712 certo
598 2659 758 2732 contingere
768 2659 856 2718 331313
