1876 3480
127 165 173 215 ⁴08
320 160 347 210 P.
368 164 494 211 0v11t11
516 163 680 210 NASONIS

123 266 320 342 singultantem
330 264 449 319 animam
460 274 486 319 et
496 262 650 319 versantem
660 264 766 320 lumina
779 266 850 321 vidit

67 357 106 400 135
120 345 242 400 Bactrius
253 341 437 414 Halcyoneus:
462 341 541 403 »Hoc
553 338 751 469 quoqllpbremis,
763 334 867 415 inquil,

633 422 712 470 aeto

122 494 156 548 de
166 501 204 546 tot
215 492 289 563 agris
300 499 411 555 terrae«
426 506 581 561 corpusque
591 505 731 563 exsangue
742 490 867 563 reliquit.

122 571 240 639 Torquet
250 567 279 619 in
290 565 364 620 hunc
375 564 481 621 hastam
491 563 580 619 calido
591 564 624 619 de
635 565 752 620 vulnere
762 574 869 638 raptam

122 642 195 698 ultor
204 639 380 704 Abantiades,
396 639 486 695 media
497 655 567 712 quae
578 657 643 694 nare
653 646 763 712 recepta

121 718 227 773 cervice
238 723 332 770 exacta
342 721 392 779 est,
404 715 433 769 in
445 724 590 786 partesque
601 715 704 769 eminet
713 715 821 770 ambas.

67 802 106 850 111
120 796 246 864 Dumque
256 806 368 846 manum
378 790 496 845 Fortuna
511 790 601 855 iuvat,
617 788 796 864 Clytiumque
806 790 870 847 Gla-

614 882 662 919 mn
683 882 728 931 ue,

122 951 207 997 matre
218 949 290 995 satos
301 958 365 1003 una,
378 939 487 994 diverso
498 937 612 994 vulnere
623 882 705 995 fulla.

122 1018 191 1071 Nam
202 1015 283 1088 Clytii
294 1031 343 1085 per
352 1023 501 1085 utrumque
511 1015 590 1087 gravi
601 1012 698 1070 librata
711 1012 812 1071 lacerto

122 1089 418 1146 iraxiuusactalemur:
432 1087 652 1145 iaculumClanis
658 1107 704 1145 ore
710 1091 867 1146 momordit.

123 1165 231 1221 Occidit
240 1172 266 1218 et
277 1163 394 1219 Celadon
404 1162 576 1220 Mendesius:
592 1164 694 1220 occidit
704 1165 828 1231 Astreus,

67 1250 106 1298 115
121 1251 205 1295 matre
218 1237 380 1303 Palaestina,
393 1238 478 1293 dubio
487 1241 610 1312 genitore
621 1248 743 1296 creatus:

123 1316 295 1386 Aethionque
305 1330 391 1388 sagax
401 1313 539 1386 quondam
549 1322 663 1370 ventura
678 1315 781 1380 videre,

122 1409 195 1447 nunc
205 1407 255 1447 ave
266 1389 397 1462 deceptus
411 1387 493 1445 falsa:
509 1390 638 1463 regisque
649 1390 783 1445 Thoactes

122 1468 249 1540 armiger,
263 1474 290 1520 et
299 1483 378 1521 caeso
388 1464 510 1538 genitore
520 1464 632 1520 infamis
645 1465 774 1539 Agyrtes.

121 1543 187 1596 Plus
197 1551 288 1597 tamen
299 1540 432 1595 exhausto
446 1547 584 1612 superest:
602 1556 722 1612 namque
737 1541 868 1596 omnibus

614 1632 701 1669 unum

69 1705 107 1748 151
121 1692 276 1763 opprimere
287 1689 451 1742 estanimus.
463 1688 869 1763 Coniurataundiquepugnant

122 1763 707 1840 agminaprooaussamcritumimpugnante
719 1765 869 1838 fidemque.

124 1845 179 1896 Hac
190 1856 238 1911 pro
249 1846 324 1909 parte
334 1853 410 1891 socer
422 1837 521 1893 frustra
532 1840 596 1910 pius
606 1848 632 1895 et
643 1857 712 1894 nova
724 1841 825 1895 coniux

124 1933 187 1970 cum
197 1913 330 1987 genitrice
342 1911 447 1975 favent,
463 1912 626 1986 ululatuque
637 1916 704 1970 atria
717 1915 867 1987 complent.

122 1990 868 2061 Sedsonusarmorumsuperatgemitusquecadentum,

68 2079 107 2122 155
123 2066 297 2139 pollutosque
308 2061 393 2117 semel
404 2061 490 2117 multo
500 2063 610 2119 Bellona
623 2066 738 2119 Penates

123 2141 256 2215 sanguine
266 2137 415 2211 perfundit,
428 2147 610 2211 renovataque
621 2139 724 2211 proelia
737 2142 845 2195 miscet.

125 2218 273 2272 Circueunt
284 2231 371 2268 unum
380 2212 503 2267 Phineus
514 2223 540 2268 11
550 2214 627 2268 mille
640 2216 728 2269 secuti

123 2292 237 2346 Phinea.
271 2289 334 2344 Tela
345 2288 438 2345 volant
448 2288 563 2345 hiberna
573 2289 707 2364 grandine
717 2290 796 2361 plura

73 2392 77 2401 ·
124 2375 229 2437 praeter
244 2373 393 2437 utrumque
408 2363 492 2429 latus,
514 2373 675 2437 praeterque
689 2373 717 2420 et
733 2364 826 2420 lumen
843 2375 871 2422 et

616 2457 705 2495 aures.

124 2514 250 2584 Applicat
260 2513 326 2568 hinc
336 2514 465 2569 humeros
476 2513 630 2587 admeguae
640 2532 705 2568 saxa
712 2515 868 2579 columnae,

118 2576 237 2658 lbltaque
248 2595 323 2659 terga
333 2588 607 2661 gerensadversaque
614 2589 758 2661 inagmina
769 2608 870 2645 versus

172 2663 243 2717 ὖ11111
253 2662 395 2716 instantes.
425 2662 546 2716 Instabat
557 2671 633 2733 parte
644 2664 754 2718 sinistra

433 2838 526 2959 ſs
