1876 3480
198 128 231 181 28
392 131 420 177 Ρ.
441 129 570 177 OVIDII
587 128 758 176 NASONIS

199 233 338 288 Poeuituit
347 232 455 287 iurasse
465 239 581 302 patrem,
594 232 643 304 qui
655 241 751 304 terque
761 239 915 304 quaterque

144 321 168 362 5⁰
199 309 361 363 concutiens
371 306 479 362 illustre
490 315 587 378 caput:
601 307 780 372 »Temeraria
793 305 875 370 dixit,

199 397 253 439 vox
263 401 324 438 mea
335 382 405 439 lacta
416 391 462 438 tua
473 391 524 437 est.
555 383 667 438 Utinam
678 384 815 455 promissa
826 380 923 438 liceret

200 459 340 515 nondarel
353 459 497 523 Confiteor,
505 458 722 523 solumboctibi‚
730 467 802 523 nate,
810 474 925 532 negaret

198 534 364 590 Dissuadere
375 534 449 589 licet.
480 535 541 588 Non
552 543 593 589 est
604 543 650 589 tua
661 541 719 589 tuta
732 532 870 589 voluntas.

198 612 297 684 Magna
308 611 390 683 petis,
402 608 553 674 Phaethon,
566 618 594 664 et
604 627 675 682 quae
686 627 737 664 uec
750 610 859 665 viribus
870 610 925 664 istis

143 699 168 740 55
198 704 312 741 munera
323 685 501 750 conveniunt,
519 703 570 740 nec
581 694 637 741 tam
648 685 806 757 puerilibus
816 685 907 740 annis.

197 762 262 818 Sors
271 771 319 816 tua
330 760 467 817 mortalis:
485 778 540 816 non
550 770 592 816 est
602 759 725 826 mortale,
739 759 815 834 quod
824 769 914 833 optas.

198 837 265 893 Plus
276 839 368 902 etiam,
381 854 465 909 quam
476 836 671 908 quodSuperis
681 837 842 910 contingere
853 836 925 908 possi

197 915 310 968 nescius
320 912 440 968 affectas.
470 911 580 967 Placeat
589 911 645 966 sibi
656 912 777 984 quisque
788 910 897 980 licebit,

198 1007 253 1044 non
264 997 356 1043 tamen
366 987 486 1062 ignifero
497 988 648 1060 quisquam
658 987 811 1043 consistere
821 988 851 1042 in
862 1003 914 1042 axe

143 1077 168 1119 tu
199 1082 243 1120 me
254 1063 328 1118 valet
338 1072 463 1136 excepto.
495 1063 573 1119 Vasti
584 1080 696 1135 quoque
707 1071 797 1118 rector
807 1060 922 1136 Olympi

199 1141 248 1213 qui
260 1139 316 1194 fera
327 1137 447 1194 terribili
454 1137 593 1194 iaculatur
604 1137 723 1193 fulmina
733 1137 840 1202 dextra,

197 1233 252 1271 uon
263 1223 325 1289 aget
335 1214 387 1270 hos
398 1232 511 1269 currus:
524 1223 551 1269 et
561 1214 631 1287 quid
640 1215 704 1271 love
714 1214 806 1269 maius
816 1213 925 1268 habetur

197 1291 291 1347 Ardua
302 1291 447 1363 primaria
458 1299 509 1354 est,
522 1298 549 1346 et
559 1306 614 1362 qua
626 1292 674 1347 vix
684 1307 764 1346 mane
775 1296 899 1345 recentes

196 1368 339 1422 enituntur
350 1367 429 1438 equi:
448 1365 539 1421 medio
550 1374 592 1421 est
602 1366 737 1422 altissima
748 1365 835 1431 coelo,

142 1454 167 1495 55
196 1443 270 1497 unde
281 1459 355 1498 mare
367 1452 393 1498 ct
403 1451 489 1498 terras
500 1442 556 1516 ipsi
567 1442 638 1497 mihi
649 1460 731 1515 saepe
741 1441 837 1498 videre

198 1518 229 1573 lit
238 1521 330 1584 timor,
343 1528 369 1574 et
379 1518 481 1592 pavida
492 1517 611 1592 trepidat
621 1517 768 1574 formidine
778 1525 887 1589 pectus.

197 1593 298 1650 Ultima
310 1611 395 1665 prona
407 1595 451 1650 via
461 1604 503 1650 est
513 1603 539 1650 et
549 1602 612 1668 eget
621 1594 807 1650 moderamine
818 1601 901 1648 certo.

199 1672 276 1724 Tunc
286 1670 378 1733 etiam,
392 1686 462 1741 quae
472 1687 517 1724 me
528 1670 661 1726 subiectis
672 1671 777 1741 excipit
788 1668 882 1733 undis,

198 1762 233 1800 ne
244 1745 316 1800 ferar
325 1745 355 1798 in
366 1761 508 1817 praeceps,
521 1744 623 1819 Tethys
633 1744 704 1802 solet
713 1748 775 1817 ipsa
785 1745 886 1800 vereri.

141 1832 167 1875 tt
196 1820 284 1885 Adde,
297 1819 373 1892 quod
383 1821 495 1874 assidua
506 1820 612 1892 rapitur
622 1821 760 1950 vertiqine
771 1819 890 1884 coelum,

198 1895 345 1968 sideraque
356 1894 410 1950 alta
421 1896 505 1952 trahit
515 1895 654 1968 celerique
665 1914 700 1952 vo
713 1897 808 1951 umine
819 1902 925 1967 torquet

196 1972 274 2026 Nitor
283 1972 313 2025 in
324 1970 482 2036 adversum,
499 1988 549 2026 nec
560 1988 604 2025 me
615 1972 665 2044 qui
676 1981 790 2037 caetera,
804 1971 893 2028 vincit

198 2047 329 2118 impetus,
342 2054 368 2100 et
378 2047 475 2117 rapido
486 2047 640 2102 contrarius
651 2046 753 2102 evehor
762 2047 834 2102 orbi.

198 2123 285 2196 Finge
296 2121 373 2187 datos
385 2138 494 2177 currus.
524 2120 598 2188 Quid
609 2121 693 2197 ages?
702 2123 842 2195 poterisne
853 2130 925 2178 rotat

141 2211 167 2254 75
197 2198 298 2254 obvius
309 2199 349 2252 ire
360 2196 443 2268 polis,
456 2214 490 2251 ne
501 2205 527 2252 te
538 2198 611 2253 citus
622 2198 729 2254 auferat
738 2197 818 2254 axis‘l

196 2275 322 2330 Forsitan
333 2282 359 2328 et
371 2271 447 2327 lucos
458 2271 518 2328 illic
528 2273 669 2345 urbesque
680 2274 794 2329 deorum

196 2351 337 2421 concipias
348 2349 449 2413 animo,
463 2346 635 2421 delubraque
646 2349 714 2405 ditia
725 2349 806 2405 donis

198 2443 269 2480 esse.
300 2425 352 2479 Per
362 2424 479 2480 iusidias
490 2427 543 2480 iter
553 2432 595 2479 est
606 2423 762 2497 formasque
773 2424 905 2480 ferarum.

196 2501 286 2572 thue
297 2501 372 2555 viam
382 2508 475 2556 teneas
486 2501 620 2572 nulloque
631 2517 721 2555 errore
732 2500 859 2564 traharis,

141 2588 167 2631 to
196 2594 246 2648 per
257 2586 348 2630 tamen
359 2576 468 2632 adversi
479 2576 615 2650 gradieris
626 2593 728 2631 cornua
740 2576 833 2640 Tauri,

195 2652 415 2724 Haemoniosque
427 2669 517 2718 arcus,
533 2651 701 2726 violentique
712 2669 759 2707 ora
770 2652 883 2717 Leonis,
