1876 3480
150 159 202 214 250
343 163 373 210 Ρ.
393 163 521 212 ovum
539 158 709 210 nocente

138 265 272 329 ,Videritl
285 266 409 330 intereat,
421 265 552 338 quoniam
561 262 690 321 ‘totcaede
700 274 843 337 procerem
928 320 931 335 ι

97 355 137 399 666
153 342 308 399 admonitus
320 349 435 406 nonest,
447 341 593 415 agiturque
602 341 632 395 in
643 338 734 396 taedia
743 339 826 397 vitae.

152 417 266 474 Occidet
275 417 323 473 hic
333 419 432 492 igitur,
444 415 532 472 voluit
542 416 607 489 quia
618 417 716 472 vivere
726 433 841 481 mecum.
929 402 933 431 ³

153 494 353 568 indignamque
364 510 459 548 necem
473 493 594 565 pretium
603 492 725 565 patietur
733 489 849 548 amoris?
930 536 933 565 2

154 572 214 625 Non
225 571 276 624 erit
287 569 408 624 invidiae
419 569 532 624 victoria
542 576 634 624 nostre
646 567 785 624 ferendae.

155 645 209 700 Sed
218 662 272 700 non
284 643 365 717 eulpa
376 662 436 700 mea
447 653 498 700 est.
527 644 638 700 Utinam
652 643 787 700 desistere
802 641 886 699 vellesl
931 629 933 663 ³

100 733 139 776 666
154 730 210 786 aut,
223 722 354 792 quoniam
364 738 394 776 es
404 720 531 785 demens,
544 721 650 776 utinam
662 720 785 777 velocior
793 718 873 775 etant
932 732 933 737 ¹

155 797 190 853 At
200 814 283 869 quam
292 798 436 871 virgineus
446 797 548 869 puerili
558 794 654 852 vultus
664 797 694 852 in
704 813 754 853 ore
764 797 819 852 eet!

155 873 198 928 Ah
210 873 295 928 miser
305 874 484 946 Hippomene,
497 871 600 928 nollem
609 871 662 927 tibi
672 872 735 929 visa
746 870 866 929 luieeeml

155 950 255 1004 Vivere
265 948 367 1022 diguus
379 967 449 1005 eras.
478 945 559 1015 Quod
571 950 596 1003 si
606 947 715 1005 felicior
724 962 825 1014 oseem,

154 1042 205 1080 nec
215 1024 284 1079 mihi
295 1025 456 1098 coniugium
468 1023 522 1080 lata
532 1025 689 1097 importuna
699 1032 839 1099 negarent,

101 1113 139 1155 665
154 1118 228 1155 unus
239 1117 308 1165 eras,
320 1118 384 1155 cum
395 1117 450 1173 quo
460 1101 565 1156 sociare
575 1098 679 1156 cubilia
690 1097 818 1156 vetlem?

156 1177 276 1231 Dixerat.
307 1176 396 1248 thue
406 1175 498 1240 rudis,
514 1177 659 1248 primoque
669 1175 810 1249 Cupidine
823 1183 888 1236 nota,

156 1251 231 1324 quod
242 1251 307 1307 lacit
316 1245 459 1325 ignora'ns‚
475 1260 560 1317 amat,
577 1260 604 1308 et
613 1268 668 1307 non
679 1252 766 1308 sentit
775 1266 889 1309 amorem.

155 1329 211 1383 lam
227 1325 322 1382 solitos
337 1336 455 1400 poscunt
465 1345 563 1382 cursus
573 1325 753 1401 populusque
763 1337 889 1401 paterque,

156 1418 243 1476 quum
254 1420 297 1457 me
308 1401 425 1458 sollicita
437 1401 528 1475 proles
537 1403 675 1475 Neptunii
685 1420 754 1459 voce

103 1486 141 1533 eto
156 1480 266 1535 invocat
284 1480 470 1552 Hippomenes
489 1477 706 1554 tenueruntque,
736 1493 890 1552 comprecor.

652 1571 729 1610 ausis

156 1631 236 1694 adsit,
249 1631 296 1694 ait,
309 1630 419 1695 nostris,
431 1638 458 1685 et
467 1646 536 1701 quos
546 1628 631 1695 dedit,
646 1628 762 1687 adiuvet
771 1626 869 1705 ignes?

158 1703 261 1760 Detulit
271 1723 336 1761 aura
347 1722 443 1776 preces
454 1705 488 1760 ad
499 1722 543 1761 me
554 1723 608 1762 non
619 1706 715 1762 invida
724 1706 851 1762 blandas:

159 1790 286 1853 motaque
297 1798 369 1846 sum,
377 1780 475 1848 fateor,
488 1782 605 1854 necopis
611 1799 686 1838 mora
693 1781 775 1856 longa
781 1782 892 1838 dabatur.

921 190 927 219 l

157 1857 289 1930 listeigon
302 1856 451 1930 indigenae
462 1859 624 1914 Tamaseum
635 1859 748 1914 nomine
758 1856 858 1919 dicunt,
931 1906 933 1917 .

104 1940 141 1988 tlt
157 1933 265 1988 telluris
276 1933 392 2006 Cypriae
401 1951 464 2006 pars
478 1934 591 2006 optima,
608 1951 693 2006 quam
704 1933 775 1989 mihi
786 1932 864 2007 prisci

160 2026 302 2064 sacravere
312 2026 402 2074 senes,
416 2010 585 2083 templisque
595 2009 726 2065 accedere
736 2009 828 2066 dotem

160 2086 230 2140 hanc
241 2086 346 2140 iussere
359 2087 440 2141 meis.
474 2085 565 2142 Medio
575 2087 644 2143 nitet
653 2084 734 2142 arbor
743 2087 776 2142 in
785 2102 855 2148 arun

159 2160 234 2217 fulva
246 2179 346 2226 comas,
360 2160 437 2218 fulvo
448 2163 532 2217 ramis
542 2162 743 2234 crepitantibus
754 2179 830 2218 auro.

159 2238 229 2291 Hinc
239 2239 290 2292 tria
304 2237 372 2293 forte
383 2255 442 2294 mea
454 2239 568 2293 veniens
582 2238 710 2311 decerpta
720 2237 841 2295 ferebam
928 2266 933 2283 ·

105 2323 143 2364 een
158 2330 238 2367 aurea
249 2331 329 2386 pomo
341 2332 434 2379 manu,
446 2313 574 2387 nullique
584 2313 714 2378 videnda,
726 2315 784 2370 uisi
794 2314 856 2388 ipsi,
929 2302 933 2315 ’

161 2389 350 2461 Hippomenen
361 2390 427 2454 adii,
440 2390 588 2462 docuique,
606 2391 670 2462 quis
681 2406 750 2446 usus
761 2390 865 2447 inillis.

161 2462 244 2536 Signa
255 2465 337 2520 tubae
350 2465 491 2531 dederant,
504 2484 592 2539 quum
601 2483 709 2522 carcere
721 2484 825 2539 pronus
835 2474 895 2521 uter·

161 2613 268 2677 emieat,
281 2624 308 2670 et
318 2634 455 2672 summam
465 2617 548 2672 celeri
563 2617 633 2690 pede
645 2555 713 2673 tillll
723 2634 842 2673 arenam.

158 2689 243 2746 Posse
252 2699 335 2766 putes
349 2691 414 2750 illos
424 2694 500 2749 sicco
508 2693 681 2748 lretaradere
691 2708 788 2764 passu„
