1876 3480
155 156 189 210 82
345 161 373 206 P.
392 158 520 206 0v1u11
538 159 707 206 Nasoms
758 201 764 207 .

156 261 293 318 scinditur
303 269 330 317 ct
339 269 436 316 tenues
446 261 578 316 stridente
588 259 721 317 foramine
732 259 813 335 longe

158 337 308 393 eiaculatur
318 354 403 408 aquas
414 346 496 408 atque
506 337 609 391 ictibus
620 339 680 391 ae'ra
691 338 804 408 rumpit.

102 426 141 470 125
154 414 268 469 Arborei
279 413 367 467 loetus
377 412 541 484 adsperoine
552 411 645 466 caedis
654 411 683 465 in
694 421 780 466 atram

156 497 300 543 vertuntur
310 487 417 553 facicm,
432 455 638 558 madefactaque
651 487 787 561 sauguine
797 485 879 543 radix·
924 524 935 545 .

157 581 296 637 purpureo
306 563 390 619 tinxit
399 563 546 634 pendentia
556 579 631 617 mora
641 560 741 617 colore.

155 640 225 695 Ecce
235 648 310 693 metu
320 638 443 693 nondum
453 639 550 710 posito,
566 655 601 692 ne
612 635 688 692 fallat
696 643 842 704 amantem,

157 715 204 769 illa
216 714 295 777 redit,
308 715 493 784 iuvenemque
503 712 591 768 oculis
602 713 749 784 animoque
759 711 885 784 requirit,

103 802 141 845 13⁰
155 797 312 862 quantaque
322 789 415 843 vitarit
425 805 534 843 narrare
547 786 670 860 pericula
679 790 774 861 gestit.

157 866 245 936 thue
253 863 343 919 locum
348 871 375 918 et
380 880 488 918 versam
494 863 668 937 cognoscitin
679 862 775 918 arbore
785 861 899 917 formam

159 939 210 1012 (sic
222 939 286 993 lacit
297 940 429 995 incertam
440 939 515 1010 pomi
521 937 722 1009 color),hacret,
730 936 845 993 au-haec
852 939 894 993 sit.

157 1015 227 1068 Dum
241 1013 358 1078 dubitat,
370 1011 746 1085 tremebundavidetpulsare
756 1020 897 1069 cruentum

159 1088 386 1154 membrasolum,
394 1097 520 1161 retroque
529 1088 705 1160 pedemtullt,
717 1088 900 1160 oraquebum
931 1148 935 1157 ,

103 1173 142 1218 135
156 1163 299 1236 pallidiora
310 1180 409 1235 gerens
419 1163 561 1219 exhorruit
570 1163 697 1235 aequoris
706 1163 803 1227 instar,

158 1239 231 1310 quod
247 1236 352 1300 fremit,
373 1239 474 1312 exigua
491 1256 586 1311 quum.
597 1254 737 1297 summum
756 1238 897 1313 stringitur
922 1262 931 1291 .·

649 1331 725 1369 aura.

157 1387 209 1443 Sed
220 1395 364 1459 postquam
375 1395 507 1444 remorata
516 1389 721 1463 suoscoguovit
730 1403 847 1451 amores,

158 1464 277 1536 percutit
287 1463 416 1537 indignos
427 1463 501 1519 claro
511 1464 642 1538 plangore
653 1462 778 1527 lacertos,

159 1548 186 1593 et
196 1537 295 1593 laniata
306 1555 397 1594 comas
407 1538 588 1611 amplexaque
598 1556 698 1610 corpus
707 1546 830 1595 amatum

104 1620 142 1667 tlt
155 1612 270 1667 vulnera
280 1612 421 1685 supplevit
431 1613 562 1678 lacrimis,
573 1612 722 1685 fletumque
736 1612 828 1668 cruori

159 1688 281 1751 miscuit,
294 1696 321 1742 et
330 1689 430 1760 gelidis
443 1690 473 1743 in
483 1687 609 1744 vultibus
618 1687 711 1744 oscula
723 1688 826 1762 figens:

155 1761 292 1835 ‘Pyrame,
307 1760 444 1829 clamavit,
461 1764 524 1835 quis
538 1772 564 1819 tc
575 1764 645 1819 mihi
655 1781 735 1818 casus
745 1759 865 1821 ademit?

158 1837 282 1910 Pymme,
295 1837 442 1908 respondel
459 1846 506 1894 tua
517 1846 543 1894 te
552 1839 694 1895 carissima
705 1838 812 1901 Thisbe,

161 1913 295 1967 nominat:
316 1913 426 1977 exaudi,
438 1913 588 1986 vultusque
597 1913 690 1970 attolle
699 1911 840 1983 iacentes?

104 1993 143 2042 ils
156 1987 307 2044 adnomen
320 1986 437 2042 Thisbes
446 1988 541 2044 oculos
551 1990 605 2045 iam
615 1997 701 2045 morte
711 1996 839 2063 grauatos

159 2064 292 2137 Pyramus
303 2063 398 2128 crexit,
411 2064 525 2134 visaque
537 2062 758 2121 recondiditilla.

160 2138 235 2206 Quae
244 2146 390 2210 postquam
400 2146 560 2209 vestemque
569 2157 648 2197 suam
658 2140 789 2213 cognovit
801 2146 828 2197 et
838 2153 900 2195 ense

160 2214 232 2269 vidit
242 2214 312 2269 ebur
321 2231 455 2290 vacuum:
464 2213 533 2268 ‘Tua
544 2223 571 2269 te
580 2231 687 2278 manus,
699 2215 900 2286 inquinamur-

671 2305 706 2344 ue

160 2363 289 2435 perdidit,
300 2361 409 2418 infelix.
440 2364 488 2419 Est
498 2363 603 2419 etmihi
613 2306 690 2419 sordis
701 2364 730 2418 iu
740 2380 829 2418 unum

106 2450 145 2492 1⁵⁰
159 2438 211 2492 hoc
221 2456 332 2506 manus;
346 2445 388 2494 est
398 2445 424 2493 et
433 2456 517 2504 amor,
528 2438 898 2494 dabithicinvulneravires.

162 2529 310 2584 persequar
320 2515 480 2579 extinctum,
493 2513 596 2586 letique
606 2515 761 2571 miserrima
771 2513 848 2569 dicar

162 2604 259 2641 caussa
269 2604 416 2660 comesque
426 2591 480 2658 tui;
494 2589 599 2661 quique
610 2606 679 2653 ame
689 2597 776 2644 morte
785 2586 881 2644 revelli

161 2661 217 2716 heu
227 2659 284 2714 sola
293 2670 410 2732 poteras,
424 2664 527 2735 poteris¹
533 2680 587 2719 nec
596 2672 682 2731 morte
692 2662 801 2720 revelli.

520 2870 570 2903 Nx
596 2846 638 2905 x&

572 2902 645 2945 χχιχ
