1876 3480
161 164 208 219 l62
349 168 380 215 P.
401 166 530 215 ovrult
548 164 719 213 NASONIS
808 180 811 185 ·
886 164 889 169 '
911 126 923 173 l'

159 271 289 326 attonitus
300 277 407 324 tantum
419 268 467 325 leti
476 268 638 324 discrimine
648 285 735 340 parvo

158 346 293 401 committi
304 347 427 416 potuisse
438 344 526 410 nefas,
538 344 612 399 fovet
622 344 739 418 ignibus
748 362 821 409 aras,

159 422 378 494 muneribusque
388 421 455 476 deos
464 419 576 493 implet:
590 418 751 492 feriuntque
760 436 872 476 secures

160 498 230 553 colla
242 508 331 552 torosa
345 497 429 552 boum
441 497 598 553 vinctorum
609 513 712 551 cornua
723 496 815 552 vittis.

105 581 144 628 434
161 573 262 628 Nullus
276 573 454 628 Erechthidis
465 572 552 628 fertur
562 571 728 627 celebratior
739 570 789 627 illo

161 649 291 704 illuxisse
302 648 373 703 dies.
403 648 518 722 Agitant
526 665 655 703 convivia
668 655 761 719 patres

161 734 188 780 44
190 725 323 780 medium
334 724 449 798 vulgus.
478 726 536 779 Nec
547 742 601 780 non
612 733 639 778 et
650 724 774 778 carmina
786 722 853 779 vino

160 801 306 875 ingenium
320 799 437 855 iaciente
451 809 564 856 canunt.
586 800 647 864 »Te
660 788 784 854 maxime
796 798 912 861 Theseo,

162 878 259 931 mirata
270 885 311 931 est
324 875 466 931 Marathon
478 875 583 930 Cretaei
597 876 734 949 sangnine
746 875 836 930 tauri:

96 958 145 1008 ’444
162 952 293 1026 quodque
304 952 363 1006 suis
374 967 490 1005 securus
500 960 558 1006 arat
569 950 721 1024 Cromyona
733 949 861 1014 colonus,

163 1045 265 1082 munus
276 1044 404 1099 opusque
415 1036 552 1082 tuumest
564 1025 658 1081 Tellus
668 1026 822 1097 Epidauria
833 1032 915 1099 perte

162 1103 331 1176 clavigeram
344 1102 414 1157 vidit
424 1101 542 1158 Vulcani
552 1101 716 1157 occumbere
728 1101 848 1173 prolem,

164 1178 235 1234 vidit
247 1186 274 1232 et
284 1178 420 1234 immitem
427 1178 582 1250 Cephesias
592 1196 637 1234 ora
648 1178 832 1234 Procrusten.

165 1254 314 1326 Cercyonis
327 1252 413 1308 letum
424 1254 496 1309 vidit
506 1253 627 1309 Cerealis
637 1253 766 1308 Eleusin

107 1337 147 1386 414
163 1329 272 1385 Occidit
283 1327 331 1383 ille
341 1327 425 1394 Sinis,
438 1330 548 1404 magnis
558 1329 629 1384 444414
640 1328 752 1384 viribus
762 1345 845 1394 usus,

164 1405 213 1479 qui
225 1413 329 1476 poterat
339 1422 453 1460 curvare
467 1405 568 1469 4441444,
582 1415 610 1460 44
618 1404 717 1479 agebat
727 1403 764 1460 ab
774 1404 832 1460 4144

165 1480 199 1536 ad
210 1491 308 1535 terram
321 1479 373 1536 late
384 1499 528 1553 sparsuras
538 1497 651 1553 corpora
663 1481 759 1552 pinus.

167 1558 254 1612 Tutus
265 1556 298 1611 ad
311 1557 470 1620 Alcathoen,
483 1556 610 1630 Lelegeia
621 1555 740 1619 moenia,
755 1554 838 1612 limes

116 1656 117 1660 ¹
167 1633 318 1703 composito
329 1631 440 1686 Scirone
453 1641 539 1704 patet:
557 1633 718 1704 sparsisque
730 1630 848 1687 latronis

110 1715 150 1762 444
167 1718 236 1762 44444
248 1716 330 1779 negat
340 1707 444 1768 sedern,
457 1707 551 1762 sedem
563 1717 645 1781 negat
654 1708 768 1762 ossibus
778 1707 869 1764 unda:

166 1799 237 1854 quae
249 1782 345 1837 iactata
356 1782 405 1836 diu
418 1782 502 1838 lertur
513 1783 626 1838 durasse
636 1791 761 1838 vetustas
795 1799 798 1803 ’

167 1860 196 1912 14
207 1854 350 1928 scopulos:
364 1859 487 1929 scopulis
499 1877 598 1914 nomen
610 1857 732 1914 Scironis
744 1858 881 1914 inhaeret.

168 1932 197 1989 Si
209 1931 302 1988 4144144
313 1949 455 2005 annosque
467 1943 528 1989 tuos
542 1951 684 1990 numerare
697 1933 830 2001 velimus,

169 2009 237 2064 lacta
251 2017 377 2080 premant
388 2027 484 2064 44444.
518 2011 570 2066 Pro
582 2020 617 2074 te,
630 2009 791 2074 fortissime,
805 2019 867 2066 vota

112 2092 152 2140 454
167 2082 773 2158 publicasuscipimns:baccbitibisumimus
780 2085 921 2142 haustus«

168 2160 305 2216 Consonat
315 2177 430 2215 4444444
443 2161 538 2233 populi
552 2162 737 2234 precibusque
750 2160 894 2217 inventurn

170 2238 259 2310 regia:
279 2253 329 2291 nec
340 2246 394 2292 tota
406 2238 493 2292 tristis
506 2238 581 2292 locus
593 2237 668 2293 ullus
682 2238 711 2292 in
723 2237 794 2293 urbe
805 2248 859 2293 est

205 2312 922 2386 Nectamenlusqueadeonullaestsinceravoluptes‚

170 2386 379 2460 sollicitumque
393 2388 500 2460 aliquid
513 2390 590 2445 laetis
602 2389 761 2461 intervenit)
771 2389 885 2464 Aegeus

116 2467 155 2516 444
170 2463 271 2535 gaudia
287 2465 411 2536 percepit
421 2476 484 2520 nato
495 2483 591 2520 secura
602 2474 723 2536 recepto.

171 2537 245 2592 Eella
256 2549 333 2610 parat
343 2541 447 2596 1144444
464 2559 513 2614 qur
525 2558 692 2613 quamquam
705 2538 809 2605 44411144,
828 2555 925 2614 qnam·

692 2633 757 2670 uam

173 2686 261 2743 classe
272 2686 355 2754 valet,
368 2691 457 2763 patria
466 2700 559 2746 tamen
572 2697 615 2746 est
625 2632 823 2746 tiruiissimus
814 2691 867 2757 ira,
