1876 3480
130 147 176 199 llo
315 153 344 197 Ρ.
367 150 495 198 ovum
513 149 683 197 nnsome

73 264 111 308 100
124 254 248 323 Increpat
258 252 308 306 hos
319 253 460 324 »Vitioque
471 253 565 315 animi,
578 268 631 305 non
642 248 760 314 viribus,
768 249 873 322 inquit,

128 328 278 400 Gorgoneis
288 329 410 398 torpetis,
423 329 511 400 Eryx:
528 327 660 380 incurrite
671 342 781 379 mecum

128 411 154 456 et
169 404 329 473 prosternite
346 403 423 455 humi
442 403 572 455 iuvenem
591 401 697 473 magica
717 417 793 454 arma
813 417 874 454 mo-

617 475 765 529 ventemln

126 553 289 605 Incursurus
304 560 373 605 erat:
391 552 479 604 tenuit
490 550 607 623 vestigia
618 549 710 613 tellus,

128 627 312 696 immotusque
323 624 384 678 silet
396 634 552 696 armataque
563 627 663 679 mansit
677 627 779 697 imago

71 711 110 754 200
125 701 158 754 Ηί
170 709 259 754 lamen
272 718 306 754 ex
315 701 411 753 merito
423 716 523 770 poenas
534 698 658 753 subiere:
676 699 725 753 sed
737 716 811 753 unus

126 774 206 829 miles
217 785 273 829 erat
282 775 383 837 Persei,
397 791 445 845 pro
457 773 589 845 quodum
600 781 714 860 pugnat,
721 772 871 837 Aconteus,

127 850 253 922 Gorgone
267 858 409 920 conspecta
421 866 487 903 saxo
498 849 637 902 concrevit
647 849 751 903 oborto.

126 923 213 990 Quem
224 934 297 979 ratus
308 926 440 997 Astyages
451 925 601 977 etiamnum
612 923 716 986 vivere,
731 920 814 996 longo

126 1017 190 1053 ense
202 998 278 1053 ierit:
291 1001 383 1053 sonuit
396 999 543 1052 tinnitibus
554 999 629 1052 ensis
640 1001 739 1052 acutis.

70 1085 109 1128 205
124 1075 194 1127 Dum
205 1083 296 1144 stupet
308 1073 450 1146 Astyages,
464 1081 587 1128 naturam
598 1073 681 1128 traxit
691 1070 821 1127 eandem:

127 1165 330 1218 marmoreoque
341 1157 431 1200 manet
442 1147 536 1202 vultus
547 1148 672 1203 mirantis
682 1148 712 1201 in
723 1164 780 1201 ore.

126 1224 241 1276 Nomina
252 1221 332 1293 longa
344 1240 418 1275 mora
430 1232 471 1276 est
481 1222 571 1277 media
581 1221 615 1276 de
626 1220 707 1294 plebe
717 1223 841 1276 virorum

126 1297 227 1350 dicere.
256 1297 301 1350 Bis
313 1306 423 1350 centum
434 1298 572 1352 restabant
581 1314 693 1367 corpora
704 1313 829 1369 pugnae:

125 1372 250 1444 Gorgone
262 1371 305 1424 bis
317 1378 426 1426 centum
439 1373 584 1444 riguerunt
594 1389 706 1441 corpora
717 1372 788 1425 visa.

69 1457 108 1499 210
122 1447 244 1501 Poenitet
255 1447 349 1500 iniusti
361 1455 426 1500 tunc
437 1447 556 1518 denique
566 1446 670 1501 Phinea
681 1445 759 1499 belli.

123 1520 175 1574 Sed
186 1521 253 1592 quid
264 1521 343 1593 agat‘?
356 1521 506 1576 Simulacra
518 1522 592 1575 videt
601 1520 710 1574 diversa
721 1519 829 1591 figuris,

125 1597 302 1667 agnoscitque
312 1613 386 1660 suos,
400 1604 426 1649 et
437 1597 546 1650 nomine
558 1611 696 1667 quemque
707 1603 836 1648 vocatum

126 1671 212 1740 poscit
231 1687 324 1739 opem,
348 1671 516 1741 credensque
536 1687 647 1741 parum,
668 1669 722 1722 sibi
742 1669 869 1739 proxima

615 1744 702 1815 tangit

124 1834 248 1887 corpora:
275 1835 392 1871 marmor
415 1828 500 1873 erant.
541 1818 694 1880 Avertitur,
722 1825 805 1888 atque
832 1820 868 1872 ita

613 1890 734 1962 supplex

67 1975 106 2018 215
122 1965 316 2037 confessasque
327 1985 423 2021 manus
434 1966 601 2037 obliquaque
616 1967 726 2021 brachia
741 1966 867 2031 tendens,

121 2041 238 2105 evincis,
251 2043 420 2103 ait‚Perseu:
434 2058 543 2095 remove
555 2041 610 2096 fera
617 2050 735 2095 monstra
747 2051 868 2112 tuaeque

123 2117 249 2169 saxilicos
260 2117 362 2179 vultus,
376 2133 557 2186 quaecunque
568 2133 607 2179 ca,
620 2115 684 2170 tolle
695 2116 840 2170 Medusae:

122 2190 195 2253 tolle,
208 2208 312 2261 precor.
343 2192 402 2244 Non
414 2208 462 2244 nos
474 2190 568 2244 odium
578 2192 712 2264 regnique
722 2190 825 2261 cupido

121 2265 254 2335 compulit
264 2266 297 2320 ad
309 2265 427 2320 bellum:
440 2282 489 2336 pro
500 2269 618 2338 coniuge
630 2266 767 2319 movimus
779 2283 865 2320 arma.

66 2346 105 2389 220
122 2338 223 2393 Caussa
234 2339 287 2395 tuit
297 2341 394 2395 melior
403 2341 508 2394 meritis
519 2348 574 2403 tua,
587 2350 708 2424 tempore
720 2349 822 2394 nostra.

122 2413 181 2465 Non
192 2416 307 2469 cessisse
318 2417 404 2488 piget
436 2415 522 2480 Nihil,
532 2415 635 2470 olortis
638 2416 716 2478 sime
730 2424 839 2485 praeter

203 2489 322 2542 animam
332 2490 452 2545 concede
463 2492 546 2545 mihi:
561 2500 605 2544 tua
616 2499 720 2543 caetera
732 2499 825 2544 sunto.
829 2512 842 2543 n

109 2504 251 2631 APPflbua,

136 2619 227 2680 ¹taque
238 2618 274 2663 ter

168 2686 233 2740 inet
243 2684 313 2738 insta

238 2565 309 2662 tronti
320 2581 410 2635 neque
421 2582 494 2629 eum,
508 2583 589 2637 quern
602 2582 666 2619 voce
677 2582 714 2618 ro
707 2565 799 2637 gabat,

279 2637 387 2693 udenti:
400 2638 501 2704 »Quod
509 2642 546 2694 ait
549 2639 865 2705 timidissimePhineu,
