1876 3480
123 156 169 210 ⁴78
306 154 675 206 e.ov1n11unson1a
873 206 882 233 j

122 267 302 337 impensaque
312 259 357 315 sui
367 257 467 332 poterit
476 273 607 330 suparare
617 259 735 317 erueris.
829 266 833 271 '
879 316 882 339 ἶ

121 341 182 396 Non
193 345 313 393 metuam
323 343 405 400 certe,
420 350 454 389 no
464 333 529 406 quis
538 340 585 389 tua
595 341 717 406 pectore,
732 334 826 400 uino.
846 372 852 381 ·
879 344 882 351 '

67 427 91 470 tt
120 414 247 469 vulneret
257 409 512 484 imprudens:quis
522 409 597 464 enim
607 418 665 464 tam
675 407 763 475 dirue.
773 412 855 469 utine
880 458 882 465 .

1 492 3 495 ’
122 490 242 562 dirigere
253 487 389 542 immitem
401 501 455 540 non
465 484 573 539 inscius
583 483 686 540 audeat
694 482 816 542 hastam?
862 488 865 493 '

120 564 219 636 Coepta
232 561 341 635 placent
350 570 377 616 et
387 568 440 616 stat
450 559 586 616 sententia
596 558 704 615 tradere
714 578 818 617 meeum

123 638 239 695 dotalem
251 637 366 708 petriam
378 635 516 707 finemque
526 635 669 707 imponere
680 634 764 692 bello.

120 715 223 781 Verum
233 710 305 766 velle
316 728 414 783 parum
427 718 479 765 est.
509 708 608 766 Aditus
619 711 745 767 custodia
754 717 845 767 servat:

67 803 91 844 io
120 789 295 860 claustraque
314 795 454 859 portarum
473 785 582 858 genitor
603 794 693 914 tenft:
721 787 795 843 hune
813 799 853 859 ege
869 770 882 815 ¹

619 877 713 917 soum
879 880 882 887 ·

121 937 220 994 infelix
230 937 323 1001 timeo,
340 933 417 990 solus
428 952 489 990 mea
499 943 562 991 vota
572 945 705 993 moratur.
880 990 882 1011 ἱ

121 1012 299 1074 miscerent,
316 1011 376 1065 sine
387 1019 462 1082 patre
474 1009 559 1065 forem
568 1011 574 1064 l
582 1014 585 1019 '
594 1009 655 1140 Sibi
671 1012 790 1084 quisque
801 1022 851 1083 pre·
879 1040 882 1083 ÷

628 1094 689 1142 ecto

122 1169 163 1217 est
173 1160 255 1215 deus:
273 1160 383 1232 ignavis
396 1159 526 1231 precibus
537 1160 656 1216 Fortuna
667 1168 807 1236 repugnet
878 1150 882 1219 'l

121 1236 212 1292 Altera
222 1233 385 1289 iamdudum
396 1251 528 1290 succense
538 1235 671 1308 cupidine
681 1245 755 1292 tanto
877 1224 882 1257 Ι

66 1324 91 1366 75
122 1309 235 1384 perdere
246 1309 387 1383 gauderet,
400 1309 586 1382 quodcunque
595 1310 717 1368 obstaret
725 1310 815 1368 amori.
866 1366 869 1371 .

120 1386 154 1441 Et
164 1403 214 1441 our
224 1384 280 1440 ulla
295 1382 363 1439 foret
372 1401 416 1440 me
427 1383 540 1440 fortiori
557 1386 599 1441 lre
609 1402 660 1459 per
669 1387 751 1469 ignee
879 1396 882 1461 j

122 1469 150 1516 et
157 1460 264 1534 gladios
275 1460 375 1515 ausim.
404 1461 460 1515 Neo
470 1461 500 1515 in
512 1459 564 1516 hoo
574 1469 665 1517 tamen
678 1456 848 1550 ignibueull'u
876 1472 882 1523 ς

123 1545 169 1591 aut
179 1535 280 1610 gladiis
291 1552 362 1608 opus
372 1543 427 1590 est:
443 1552 514 1607 opus
524 1536 648 1592 estmihi
657 1554 736 1594 omne
745 1544 847 1611 paterno·

122 1611 172 1666 llle
182 1611 253 1665 mihi
264 1619 305 1666 est
316 1627 381 1666 auro
395 1610 549 1682 pretiosior,
564 1609 613 1667 ille
623 1611 732 1669 beatam

68 1698 92 1738 aa
122 1703 244 1758 purpura
257 1703 301 1739 me
314 1686 424 1757 votique
434 1686 489 1740 mei
501 1685 605 1742 factura
615 1697 779 1760 potentem«

161 1759 236 1815 Talia
247 1760 349 1815 dicenti
364 1778 492 1816 curarum
503 1762 622 1818 maxima
634 1763 739 1829 nutrix,

122 1853 177 1890 nox
186 1835 345 1900 intervenit,
357 1835 534 1909 tenebrisque
545 1836 659 1893 audacia
669 1838 767 1894 crevit.

123 1911 212 1965 Prima
223 1911 303 1982 quies
313 1911 415 1975 aderat.
433 1928 487 1983 qua
498 1912 573 1966 euris
584 1911 656 1968 fessa
666 1909 776 1969 diurnis

121 1994 230 2058 pectora
251 2002 363 2040 somnus
383 1985 476 2041 habet.
511 1985 657 2043 Thalamos
670 1990 803 2074 'taciturna
815 1999 851 2057 pt·

617 2072 711 2119 ternos

67 2147 92 2188 85
121 2136 213 2201 intrat,
226 2142 262 2200 et,
274 2133 330 2190 heu
340 2134 461 2191 lacinus!
479 2135 555 2194 fatali
566 2146 628 2193 nata
637 2147 782 2211 parentem

121 2211 197 2265 orine
206 2227 289 2265 suum
299 2209 409 2283 spoliat,
420 2211 577 2285 praedaque
586 2214 672 2285 potita
682 2212 798 2269 nefanda

122 2285 173 2341 lert
185 2303 281 2340 seeum
291 2284 413 2357 spolium
423 2285 545 2352 sceleris,
557 2304 760 2362 progressaque
770 2293 838 2361 porta

123 2376 172 2432 per
183 2361 288 2416 medios
300 2360 392 2416 hostes
402 2360 505 2435 (meriti
516 2362 617 2418 fiducia
628 2372 703 2421 tanta
714 2363 782 2437 estl)

122 2437 249 2506 pervenit
258 2435 294 2492 ad
304 2453 406 2511 regem,
420 2453 503 2508 quem
514 2438 556 2493 sio
566 2437 645 2494 affata
654 2447 802 2511 paventem
810 2442 854 2493 est:

65 2520 92 2562 to
122 2508 228 2566 »Suasit
238 2527 313 2566 amor
323 2510 442 2567 lacinus.
470 2512 562 2568 Proles
571 2529 623 2588 ego
633 2515 710 2589 regia
720 2514 782 2570 Nisi

121 2581 222 2657 Scylla,
233 2585 285 2640 tibi
295 2586 372 2643 trado
381 2587 553 2660 patriamque
563 2606 696 2661 meosque
707 2597 828 2663 penates.

122 2659 243 2714 Praemia
254 2658 331 2717 nulle
340 2672 418 2734 peto,
435 2663 489 2718 nisi
500 2671 536 2719 te.
567 2664 640 2736 Cape
653 2667 760 2738 pignus
770 2658 857 2722 amoti
