1876 3480
122 136 171 194 278
309 142 340 189 P.
362 140 491 191 ovlnu
506 140 678 197 NASONIS

120 245 242 302 Aesacon
251 242 381 301 umbrosa
392 241 486 300 lurtirn
496 242 639 317 peperisse
651 240 705 301 sub
717 239 761 297 ldo

120 321 207 377 fertur
217 319 375 386 Alexirhoi‚
390 318 508 377 Granico
518 327 580 376 nata
590 317 710 375 bicorni.

119 396 219 453 Oderat
229 396 276 451 hic
285 396 377 461 urbes,
393 394 536 467 nitidaque
545 402 666 451 remotus
677 391 780 453 abaula

65 484 105 529 tto
120 481 237 528 secretos
249 480 355 527 montes
365 479 392 525 et
402 470 577 527 inambitiosa
587 469 697 526 colebat

122 566 194 614 rura,
208 565 258 603 nec
267 546 364 603 Iliacos
375 556 469 602 coetus
480 546 536 601 nisi
545 563 624 601 rarus
635 543 739 601 adibat.

121 625 181 678 Non
191 631 298 696 agreste
309 631 410 688 tamen,
421 639 472 677 nec
481 620 701 696 inexpugnabile
710 619 800 676 Amori

121 707 217 771 pectus
228 698 342 763 habens,
354 696 440 753 silvas
450 705 584 771 captatam
594 712 678 769 saepe
688 713 738 769 per
746 711 834 751 omnes

122 773 240 846 adspicit
248 773 398 847 Hesperien
408 775 496 846 patria
507 772 661 829 Cebrenida
671 774 743 845 ripa,

66 862 106 905 iio
122 851 235 904 iniectos
245 849 369 904 humeris
379 849 529 905 siccantem
538 847 597 904 sole
607 847 735 921 capillos.

122 925 187 980 Visa
198 924 270 998 fugit
280 923 412 999 nymphe,
425 925 512 981 veluti
522 924 665 998 perterrita
676 922 787 980 fulvum

122 1018 201 1055 cerva
214 998 321 1073 lupum,
334 997 380 1055 lon
401 1017 472 1074 eque
483 1000 545 1056 lacu
554 999 689 1072 deprensa
700 999 798 1056 relicto

124 1076 282 1149 accipitrem
292 1016 415 1131 fluviala
424 1093 501 1133 anas.
525 1072 614 1141 Quam
625 1075 725 1131 Troius
736 1074 816 1131 heros

125 1152 290 1223 insequitur,
303 1150 478 1224 celeremque
487 1159 563 1207 metu
573 1147 646 1206 celer
655 1159 738 1224 urget
748 1168 845 1207 amore.

67 1238 107 1282 iis
121 1227 192 1282 Ecce
205 1225 290 1282 latens
301 1224 386 1283 herba
396 1225 510 1287 coluber
521 1225 654 1301 fugientis
664 1225 776 1286 adunco

124 1302 205 1357 dente
215 1301 313 1374 pedem
323 1303 450 1367 strinxit,
468 1302 601 1375 virusque
611 1302 641 1356 in
652 1316 770 1375 corpore
782 1301 858 1375 liquit

126 1378 194 1434 Cum
208 1376 462 1451 vitasuppressaln
483 1385 559 1434 aest.
584 1375 773 1450 amplectitur
782 1395 861 1434 amem

125 1453 289 1520 exanimem,
300 1452 469 1527 clamatque‘
495 1453 560 1529 iget,
572 1454 650 1527 piget
660 1469 723 1509 esso
733 1463 855 1509 secutum

123 1529 173 1584 sed
185 1546 240 1584 non
250 1528 302 1586 hoc
312 1529 408 1594 timui,
423 1545 474 1585 neo
485 1537 542 1586 erat
550 1527 621 1583 milri
632 1528 748 1584 vincera
757 1531 845 1586 tanti.-

69 1616 109 1658 ito
123 1604 298 1659 Perdidimus
309 1605 437 1661 miseram
447 1613 530 1665 noste
540 1603 608 1661 duo:
622 1602 859 1678 vulnusabanguc

127 1700 141 1734 a
155 1696 197 1734 me
208 1697 305 1737 caussa
316 1680 376 1736 data
388 1690 438 1737 est.
472 1681 531 1756 Ego
540 1697 603 1736 sum
612 1679 776 1737 sceleratior
786 1678 841 1743 illo,

125 1757 174 1826 qui
185 1755 236 1810 tibi
249 1764 333 1811 morte
343 1773 403 1811 mea
414 1757 510 1813 mortis
520 1757 616 1813 solatia
627 1754 756 1811 mittam?

124 1832 208 1896 Dixit,
221 1840 247 1886 et
258 1848 272 1886 e
283 1831 406 1906 scopulo,
419 1849 502 1907 quem
513 1849 594 1888 rauca
604 1829 753 1891 subederat
764 1831 846 1893 unda,

127 1924 156 1961 se
166 1906 242 1961 dedit
252 1909 281 1962 in
290 1915 415 1980 pontum.
446 1907 549 1982 Tethys
562 1907 689 1967 miserata
700 1907 842 1962 cadentem

72 1994 112 2036 785
126 1981 246 2038 molliter
256 1984 375 2057 excepit,
391 1992 557 2056 nantemque
568 1999 749 2057 peraequare
759 1983 855 2055 pennis

128 2058 210 2115 texit:
228 2067 254 2114 et
263 2067 369 2131 optatae
378 2076 433 2115 non
444 2067 485 2115 est
495 2060 556 2116 data
566 2059 645 2131 copia
655 2060 765 2114 mortis.

127 2134 289 2208 Indignatur
299 2151 393 2191 amans
401 2135 521 2191 invitum
531 2135 626 2190 vivere
636 2133 710 2206 cogi,

129 2211 287 2282 obstarique
297 2211 417 2276 animae,
431 2211 531 2266 misera
542 2210 577 2265 de
586 2208 651 2264 sede
663 2207 768 2264 volenti

130 2288 215 2341 exire.
249 2286 338 2359 thue
348 2303 433 2342 novas
444 2285 568 2342 humeris
579 2294 748 2340 assumserat
760 2283 826 2347 alas,

74 2372 113 2413 iao
129 2359 861 2436 subvolat,atqueiterumcorpussuperaequoramittit

129 2435 225 2492 Pluma
241 2437 313 2493 levat
323 2454 415 2493 casus.
441 2438 519 2495 Furit
528 2436 656 2567 Aesacos,
667 2436 755 2508 inque
765 2433 861 2508 proluar

646 2527 695 2565 um

132 2602 235 2656 pronus
244 2588 310 2653 abit,
326 2587 429 2661 letique
439 2589 513 2643 viam
524 2588 585 2643 sine
596 2587 649 2641 fine
660 2594 787 2641 retentat.

133 2661 208 2715 Fecit
218 2680 293 2718 amor
303 2665 433 2721 maciem:
452 2663 532 2738 longa
542 2661 696 2718 internodia
707 2678 828 2724 crurum,
