1876 3480
194 168 227 223 44
385 169 786 222 uovrnnunsosrrs·
868 154 872 159 '
926 154 927 246 4

193 277 329 349 ignorant,
343 274 393 331 uhi
403 275 441 330 sit
450 273 525 348 nigri
536 272 593 329 fera
604 273 773 348 regia'Ditis.
926 277 927 335 4

192 350 268 407 Mille
283 368 371 423 capax
380 349 473 407 aditus
483 357 510 406 et
519 357 628 422 apertas
638 348 766 422 undique
775 357 867 423 portas
926 392 927 412 t

136 434 176 481 444
192 427 258 481 urbs
272 426 365 483 habet.
395 426 486 499 thue
499 424 601 481 fretum
611 422 927 495 detotafluminttaamss

193 503 234 558 sic
245 521 340 558 omnes
351 503 458 558 animas
468 501 546 557 locus
555 501 658 574 accipit
667 499 728 567 illc,
740 517 795 559 nec
802 498 854 557 ulii

194 580 314 652 exiguus
326 577 430 650 populo
442 586 492 643 est,
505 576 653 633 turbamve
662 576 797 635 accedere
805 574 902 633 seutit'

190 654 289 710 Errant
299 670 456 728 exsangues
466 653 528 709 sine
538 669 652 726 corpore
662 650 927 720 semunciarum

192 748 312 803 parsque
323 729 413 785 iorum
424 728 574 794 celebrant,
589 746 654 801 pars
664 729 717 785 imi
726 736 798 786 tecta
807 726 918 805 tyranni,

136 813 175 860 445
192 823 255 878 pars
266 805 374 878 aliquas
388 814 470 871 artes,
482 805 614 878 antiquae
623 804 782 861 imitamina
792 806 866 863 vitae
883 830 889 845 ¹

191 880 348 1012 §exercent
367 881 450 938 aliam
460 889 567 953 partem
577 898 628 937 444
637 896 728 953 poena
740 876 871 957 44444444]Ι

211 959 315 1013 ustinet
325 959 366 1012 ire
376 956 444 1012 illuc
455 955 570 1012 coelesti
579 956 647 1012 sede
656 954 765 1023 relicta,

193 1042 301 1089 tantum
311 1033 385 1088 odiis
396 1033 510 1105 iraeque
519 1031 612 1098 dabat,
625 1031 756 1089 Saturnia
769 1034 849 1089 14444.
926 1029 927 1039 ’

191 1107 251 1176 Quo
261 1109 346 1164 simul
357 1109 480 1174 intravit,
490 1125 651 1180 444444444
663 1124 780 1181 corpore
790 1122 927 1181 proauum¹

193 1185 338 1240 intremuit
347 1184 442 1249 limen,
455 1185 507 1240 tria
517 1183 655 1241 Cerberus
665 1183 824 1241 extulitcra
926 1183 927 1218 ¹

136 1268 176 1314 444
190 1269 216 1315 et
226 1269 281 1315 tres
293 1259 407 1316 latratus
416 1258 501 1316 simul
511 1258 610 1316 edidit.
639 1258 690 1316 illa
699 1276 810 1317 sorores
926 1264 927 1332 ᾗ

193 1345 272 1392 nocte
283 1344 362 1392 vocat
370 1337 489 1410 genitas,
508 1353 594 1410 grave
604 1343 632 1391 44
641 1334 823 1408 implacabile
832 1348 927 1391 4444444

192 1412 316 1469 Carceris
329 1420 392 1468 ante
405 1411 478 1468 44444
489 1410 598 1467 clausas
608 1410 755 1468 adamante
765 1410 904 1477 sedebant.
926 1423 927 1428 ’

193 1489 284 1562 deque
294 1490 355 1545 suis
365 1497 438 1545 atros
448 1487 596 1561 pectebant
606 1487 735 1543 crinibus
744 1504 862 1563 angues.

193 1563 281 1632 Quam
295 1563 380 1620 simul
392 1572 530 1639 agnorunt
539 1564 613 1620 inter
622 1562 754 1638 caliginis
765 1562 887 1629 umbras.

136 1648 175 1695 454
192 1658 337 1696 surrexere
347 1640 426 1696 deae.
450 1639 536 1696 Sedes
548 1638 687 1696 Scelerata
701 1648 826 1697 vocatur.

192 1717 305 1772 Viscera
316 1716 465 1787 praebebat
477 1717 571 1790 Tityos
582 1714 721 1780 lanianda,
733 1732 890 1789 novemque

192 1792 338 1865 iugeribus
351 1790 500 1848 distractus
510 1799 578 1848 erat.
610 1791 684 1856 Tibi,
701 1792 825 1857 Tantalo¹
838 1788 901 1846 nuli¹

193 1866 402 1939 deprenduntur
420 1884 522 1941 aquae,
541 1883 670 1940 quaeque
684 1867 827 1935 imminet,
852 1864 894 1922 effi

692 1943 786 1999 arbor.

190 2019 246 2074 Aut
255 2018 336 2090 petis,
349 2026 397 2073 aut
407 2035 490 2092 urges
501 2019 650 2083 ruiturum,
661 2016 795 2094 Sisyphe,
806 2036 886 2074 saxur

136 2102 176 2148 444
191 2092 319 2148 Volvitur
328 2093 407 2147 Ixion
418 2101 445 2148 et
454 2111 485 2149 44
494 2095 678 2168 sequiturque
687 2092 830 2169 fugitque.

192 2169 341 2240 Molirique
351 2166 412 2222 suis
425 2167 512 2224 letum
525 2169 698 2242 patruelibus
708 2186 794 2226 ausae

193 2245 305 2301 assidue
315 2252 453 2316 repetunt,
466 2262 535 2318 quas
546 2245 676 2318 perdunt,
687 2246 800 2303 Belides
811 2245 868 2301 und

191 2320 266 2389 Quos
276 2337 372 2377 omnes
383 2320 453 2377 facie
464 2330 611 2394 postquam
620 2320 749 2378 Saturnia
759 2332 838 2380 torva

193 2397 272 2463 vidit,
285 2406 312 2453 et
322 2405 385 2453 ante
395 2415 491 2453 omnes
502 2399 607 2463 444444,
619 2415 717 2453 444444
727 2399 763 2455 ab
776 2398 826 2454 illo

136 2479 176 2527 444
187 2472 327 2547 Sisyphon
337 2473 511 2546 adspiciens:
523 2473 594 2530 »Cur
604 2473 651 2528 hic
661 2490 676 2528 e
688 2472 833 2540 iratribus,
845 2476 853 2530 i

192 2559 339 2621 perpetuas
353 2552 457 2622 patitur
465 2566 579 2624 poenas,
594 2547 759 2606 Athamanta
770 2569 849 2624 super

193 2625 269 2700 regia
281 2625 361 2681 dives
371 2625 464 2692 habet,
476 2627 527 2699 qui
537 2641 582 2680 me
594 2642 658 2680 cum
668 2627 790 2701 coniuge
800 2646 843 2682 ser

190 2699 335 2775 sprevitis
349 2710 377 2759 et
387 2703 503 2777 exponit
512 2718 624 2758 caussas
634 2700 750 2775 odiique
761 2704 838 2761 viaet
