1876 3480
51 169 68 183 ..
124 102 202 189 aas,
314 94 690 179 novruuuasou'rs'
759 150 762 155 -

124 243 155 292 tu
165 231 247 291 medo
256 229 371 289 texam
384 231 476 287 varies
488 246 538 304 psr
547 226 766 297 eernuadnres,

124 327 200 367 uune
208 325 294 382 eques
304 308 335 364 iu
344 315 370 367 te
405 324 421 363 0
431 304 556 363 residens
565 305 623 363 hue
634 307 723 365 iaetus
734 316 762 363 et
773 307 841 364 illue
875 368 881 375 ,

71 399 110 444 aaa
125 384 219 442 mollia
230 384 379 458 purpureis
399 382 515 441 renabes
525 399 572 439 ora
585 383 726 456 capistris.
812 452 816 461 .

124 463 225 520 Aestus
236 470 294 517 erat
303 457 552 534 mediusquedies,
564 458 690 533 solisque
701 477 805 534 uapore

124 556 245 595 eeueava
256 536 358 594 littorei
367 535 511 593 fervebant
520 535 633 592 brachia
643 535 755 593 Caneri.

124 615 226 672 Fessus
236 614 267 670 iu
277 612 394 669 herbosa
404 613 499 686 posuit
507 628 559 668 sua
568 628 683 686 eorpora
693 621 766 673 terra

8 752 12 757 ,
56 688 61 705 ’
125 708 234 757 cervus,
247 698 274 745 et
283 688 395 745 arborea
405 686 496 764 frigus
504 686 789 747 duoebstabumbra.

70 778 109 824 130
122 769 202 824 Hune
212 783 283 840 puer
291 763 455 838 imprudens
465 762 556 822 iaculo
568 763 737 897 efferimus
747 775 828 823 anuto

124 844 198 913 fixit,
211 850 239 898 et
248 849 280 898 ut
289 858 372 899 suevo
381 840 592 897 morientemvu
624 841 764 907 erevidit,

125 919 198 976 velle
208 918 279 975 mori
288 918 394 975 statuit.
423 913 499 985 Quae
508 934 565 977 uun
573 916 672 974 solatia
681 917 814 975 Phoebus

123 995 204 1062 dixit,
217 1003 244 1050 et
253 1003 284 1051 ut
294 993 393 1051 leviter
402 1010 453 1066 pro
462 994 633 1068 materiaque
642 992 759 1061 deleret,
778 1024 781 1029 ·

123 1068 872 1145 admonuit!Gemitilletamemmunusquesupremuu

69 1159 109 1203 1³5
125 1149 178 1204 hoe
188 1147 258 1220 petit
266 1165 282 1203 a
291 1144 417 1219 Superis,
428 1154 461 1203 ut
469 1154 593 1220 tempore
603 1144 698 1221 lugeat
703 1149 797 1209 omui,

123 1226 247 1298 Iamque,
262 1240 313 1296 per
321 1223 473 1280 immensus
482 1231 577 1298 egesto
585 1225 724 1298 sanguiue
737 1221 830 1291 detus,

124 1302 154 1356 iu
165 1299 284 1355 viridem
296 1300 368 1356 verti
377 1307 528 1372 coeperunt
536 1298 660 1356 membre
669 1299 804 1366 colorem,

125 1385 152 1433 et
161 1375 242 1433 mode
252 1375 302 1450 qui
313 1375 395 1432 nives
404 1373 563 1448 pendebant
573 1374 662 1432 fronte
672 1376 782 1450 capilli,

123 1453 234 1509 horride
243 1452 378 1509 caesaries
390 1450 459 1519 fieri,
472 1460 619 1525 sumteque
629 1452 723 1528 rigere

70 1536 108 1584 itu
124 1529 263 1585 sidereum
273 1527 372 1604 gratuiti
382 1535 506 1601 spectare
516 1528 660 1585 cacumine
669 1529 791 1586 eoelum.

123 1607 271 1681 Ingemuit,
283 1605 426 1678 tristisque
436 1602 506 1660 deus
516 1603 674 1679 »Lugebere
684 1605 778 1671 uehis,
798 1624 802 1629 ·

125 1681 291 1756 lugebisque
301 1680 380 1747 alins,
392 1679 540 1754 aderisque
549 1679 725 1737 dolentibus«
735 1682 837 1756 inquit.

163 1757 227 1813 Tele
238 1774 336 1813 nemus
347 1765 423 1813 vetes
432 1764 588 1823 attraxerat,
600 1757 687 1830 inque
697 1756 821 1815 ferarum

123 1833 241 1890 concilio
254 1832 363 1888 medius
373 1832 454 1889 turba
464 1832 666 1907 volucrumque
675 1834 802 1892 sedebat.

70 1917 109 1965 145
124 1911 159 1966 Ut
168 1910 235 1966 satis
245 1908 381 1982 impulsas
390 1910 506 1965 tentavit
516 1907 618 1982 polline
628 1909 757 1977 ehordas,

125 1996 152 2043 et
161 1986 248 2042 sensit
259 1986 359 2051 varies,
372 1985 501 2058 quamvis
512 1985 622 2042 diversa
631 1997 771 2053 sonarent,

125 2062 289 2119 concordare
299 2061 404 2126 modos,
417 2060 470 2117 hoe
478 2078 575 2118 vocem
585 2063 707 2119 eermiue
718 2065 808 2136 rupit:

124 2135 866 2215 »Ablove,Musaparens,(eedunr10vis0mniaregnu}

124 2217 439 2271 earmiueuostramove.
455 2214 652 2270 lovissstmihi
661 2232 748 2288 saepe
757 2225 866 2287 potesis

71 2303 109 2346 150
125 2291 295 2364 dietaprius.
327 2289 422 2346 Ceeiui
431 2288 535 2362 plectro
543 2291 672 2366 graviore
680 2290 816 2365 Gigantas
871 2301 875 2307 “

126 2384 276 2439 sparsaque
286 2364 446 2440 Phlegraeis
460 2367 584 2422 victricia
594 2365 713 2422 fulmina
724 2368 840 2441 eampis.

124 2445 204 2498 Nune
213 2460 285 2515 opus
298 2451 339 2498 est
352 2440 456 2497 leviore
467 2440 535 2516 lyra,
549 2459 708 2515 puerosque
717 2460 848 2499 canamus

125 2517 241 2574 dilectos
251 2517 375 2591 Superis,
387 2518 612 2591 inconcessisque
623 2518 734 2591 puellas

126 2593 240 2668 ignibus
250 2596 377 2650 attonitas
387 2595 522 2651 meruisse
533 2592 651 2650 libidine
660 2611 791 2668 poenam.
859 2608 864 2617 ·

65 2682 107 2727 155
119 2671 182 2728 Rex
189 2669 330 2746 Superum
335 2670 452 2747 Phrygii
459 2669 775 2745 queudamGanrmsuis
784 2683 866 2728 emen
