1876 3480
177 159 206 221 l2
368 162 395 207 P.
416 159 543 208 0v1n11
561 160 729 207 NASONIS

118 277 157 321 333
174 268 232 320 Ν33
242 265 326 319 maris
337 263 377 319 ira
388 272 493 328 manet,
511 263 656 335 positoque
667 262 821 335 tricuspide
832 262 886 319 telo

173 342 277 397 mulcet
287 357 373 412 aquas
384 347 472 394 rector
482 339 589 412 pelagi,
603 356 743 410 supraque
754 338 923 410 profundum

163 426 312 472 ‘extantem
323 423 405 487 atque
415 415 545 469 humeros
557 415 650 468 innato
660 416 766 469 murice
776 422 880 470 tectum

173 491 332 548 caeruleum
343 491 453 546 Tritona
464 497 556 554 vocat,
570 490 746 563 conchaeque
757 492 867 545 sonanti

174 569 310 640 inspirare
321 567 412 631 iubet,
432 564 588 637 fluctusque
598 573 625 619 33
636 563 749 620 llnmina
759 565 840 639 signo

118 655 157 698 335
177 646 234 699 iam
243 659 371 697 revocare
383 641 455 696 dato.
486 640 556 696 Cava
568 640 686 696 buccina
697 641 818 696 sumitur
828 641 871 696 illi

174 719 284 782 tortilis,
298 719 325 772 in
337 717 422 771 latum
433 733 504 788 quae
515 716 626 771 turbine
637 718 737 771 crescit
747 717 782 771 ab
797 717 867 774 imo:

173 795 301 858 buccina,
313 810 384 864 quae
396 794 425 846 in
435 792 527 847 medio
538 793 665 863 concepit
674 791 723 846 ubi
734 794 796 847 3333
807 800 899 863 ponto,

173 871 261 925 littora
275 885 342 924 voce
353 868 441 940 replet
454 867 507 922 sub
518 875 635 940 utroque
646 868 763 922 iacentia
773 866 894 938 phoebo.

172 948 243 1000 Tum
253 961 374 1016 quoque,
387 951 418 998 ut
428 961 474 998 ora
485 943 530 997 dei
540 942 650 998 madida
661 943 779 998 rorantia
790 943 876 999 barba

117 1028 157 1074 333
175 1021 300 1093 contigit,
314 1027 341 1073 et
350 1019 452 1073 cecinit
461 1019 552 1073 iussos
562 1016 655 1074 inllata
666 1026 803 1089 receptus,

172 1095 303 1151 omnibus
314 1094 405 1149 audita
418 1102 459 1149 333
470 1094 578 1148 telluris
590 1103 616 1148 33
626 1092 754 1166 aequoris
766 1093 861 1158 undis,

174 1180 200 1227 33
209 1171 313 1243 quibus
325 1178 365 1225 333
375 1169 459 1224 undis
470 1169 573 1234 audita,
591 1170 712 1224 coercuit
721 1186 827 1225 omnes.

171 1250 307 1303 lammare
318 1246 395 1300 littus
406 1245 502 1300 habet:
516 1245 612 1317 plenos
623 1246 697 1317 capit
707 1245 921 1302 alveusamnos:

171 1321 284 1377 flumina
296 1321 454 1386 subsidunt,
472 1320 614 1393 collesque
628 1320 705 1375 exire
714 1320 857 1377 videntur.

117 1405 156 1452 335
170 1397 381 1472 Surgithnmus:
390 1396 582 1452 crescuntloca
592 1396 817 1452 decrescentibus
827 1396 922 1453 undis.

170 1474 290 1546 Postque
301 1474 375 1529 diem
386 1473 495 1546 longam
507 1471 607 1527 nudata
619 1472 762 1527 cacumina
773 1472 862 1527 silvae

173 1550 329 1614 ostendunt,
348 1549 502 1621 limumque
512 1555 607 1603 tenent
617 1548 645 1601 in
658 1546 754 1602 fronde
764 1548 903 1603 relictum.

209 1624 344 1679 Redditus
363 1624 439 1679 orbis
460 1631 526 1678 erat.
569 1623 658 1690 Quom
680 1631 828 1694 postquam
854 1624 925 1679 vidit

686 1715 806 1764 inanem,
841 1722 844 1727 ·

173 1783 200 1830 et
210 1774 346 1830 desolatas
357 1790 439 1848 agere
448 1774 501 1829 alta
512 1773 623 1830 silentia
634 1782 730 1838 terras,

116 1862 155 1905 353
173 1849 322 1905 Deucalion
335 1849 457 1904 lacrimis
466 1850 504 1905 ita
515 1849 648 1924 Pyrrham
660 1848 757 1904 affatur
767 1851 886 1907 obortis:

170 1925 207 1981 »Ο
217 1943 302 1989 33333,
315 1942 330 1980 o
341 1926 453 1988 coniux,
465 1943 481 1980 o
493 1924 594 1980 semina
605 1925 663 1981 sola
675 1934 826 1997 superstes,

173 2018 255 2073 quam
266 2018 411 2055 commune
422 2000 492 2055 mihi
503 2017 593 2074 genus
604 2008 630 2055 ot
640 2000 775 2073 patruelis
785 2003 873 2078 origo,

171 2077 271 2132 deinde
281 2085 357 2132 33333
367 2076 468 2141 iunxit,
481 2093 556 2131 nuuc
566 2077 627 2148 ipsa
637 2077 762 2148 pericula
773 2078 907 2152 iungunt:

170 2162 314 2217 terrarum,
327 2168 509 2223 quascunque
521 2151 617 2207 vident
629 2169 744 2208 occasus
755 2161 878 2218 3333333,

116 2240 155 2282 355
172 2246 222 2283 333
233 2229 289 2284 duo
299 2227 379 2283 turba
389 2244 502 2282 sumus:
518 2227 642 2299 possedit
654 2237 760 2284 caetera
772 2238 883 2301 pontus.

172 2306 244 2358 Haec
255 2321 367 2376 quoque
378 2303 469 2358 adhuc
481 2305 553 2359 vitae
563 2321 618 2358 nou
629 2312 671 2358 est
682 2303 783 2359 fiducia
795 2314 903 2361 nostrao

170 2388 242 2434 certa
253 2380 335 2434 satis:
353 2387 456 2434 3333333
465 2380 623 2434 etiamnunc
634 2379 730 2434 nubila
741 2388 874 2435 mentem.

171 2454 240 2521 Quis
250 2455 311 2517 tibi,
325 2456 349 2508 si
360 2456 476 2509 sinemo
487 2454 551 2510 fatis
562 2462 654 2526 erepta
665 2454 776 2518 luisses,

173 2547 247 2584 nuno
267 2532 390 2595 animus,
413 2530 582 2596 miseranda,
610 2529 695 2585 loret‘l
729 2548 784 2603 quo
804 2533 862 2587 sola
886 2532 923 2587 ti-

670 2623 774 2661 morem

116 2693 155 2734 353
174 2680 244 2735 ferre
255 2682 335 2737 modo
346 2681 461 2754 posses?
476 2699 531 2754 quo
542 2682 699 2737 consolante
709 2681 837 2738 dolores?
