1876 3480
139 139 191 195 tlt
332 144 361 189 r.
382 140 704 191 cv1n11nnson1s-
759 112 764 119 ’

137 245 207 303 llava
217 262 318 310 comas,
331 245 433 311 aderat,
446 244 581 301 faciendis
591 252 704 302 strenua
715 245 813 312 iussis,
890 242 896 251 “

140 321 241 378 officiis
255 321 355 377 dilecta
365 323 435 377 suis.
466 321 504 377 Ea
515 322 603 377 sensit
612 322 712 395 iniqua

139 400 232 454 nescio
243 398 311 471 quid
322 400 425 453 lunone
435 399 506 473 geri.
535 399 664 471 Dumque
674 399 772 454 enitet
782 399 862 454 intrat

81 487 121 529 att
137 491 219 547 saepe
231 474 313 538 iores,
329 473 422 529 divam
432 473 600 529 residentem
613 473 684 530 vidit
693 475 724 529 in
734 491 782 530 ara

138 551 307 623 brachiaque
318 550 347 605 in
358 549 479 624 genibus
489 549 586 624 digitis
600 566 726 606 connexa
740 552 885 614 tenentem,

139 626 368 699 et‘Quaecunque
378 643 417 691 es,
425 625 607 692 ait,dominae
617 633 741 700 gratare:
754 624 843 683 lerata
850 635 889 681 est

138 701 250 777 Argolis
260 701 402 767 Alcmene,
415 701 575 776 potiturque
586 718 723 775 puerpera
734 700 818 759 voto?

137 778 268 843 Exsiluit,
285 779 449 850 iunctasque
459 793 558 833 manus
569 776 713 850 pavefacta
724 779 835 834 remisit

17 904 19 909 .
81 865 121 909 335
138 854 203 910 diva
212 856 313 927 potens
320 854 404 910 uteri.
434 853 542 911 Vinclis
554 853 630 909 levor
639 853 702 926 ipsa
712 854 848 911 remissis.

138 932 259 986 Numine
271 930 386 1004 decepto
395 930 492 986 risisse
503 927 669 986 Galanthida
680 928 755 986 lama
766 939 819 986 est.

137 1007 283 1062 Ridentem
296 1023 481 1079 prensamque
493 1005 563 1078 ipsis
573 1005 624 1060 dea
635 1004 717 1062 saeva
727 1004 839 1080 capillis

138 1083 231 1148 traxit,
244 1091 271 1137 et
282 1101 297 1138 e
308 1092 379 1138 terra
390 1099 491 1154 corpus
502 1081 624 1138 relevare
635 1082 777 1138 volentem

138 1159 235 1224 arcuit,
248 1159 333 1230 inque
343 1157 429 1230 pedes
441 1157 559 1214 mutavit
570 1156 683 1213 brachia
694 1157 813 1231 primos.

80 1244 121 1288 aaa
136 1234 290 1289 Strenuitas
301 1234 414 1306 antiqua
425 1242 527 1300 manet,
542 1250 594 1290 nec
603 1241 680 1308 terga
690 1233 815 1290 colorem

138 1310 255 1365 amisere
266 1326 363 1364 suum:
377 1308 465 1365 lorma
474 1318 517 1366 est
526 1309 635 1366 diversa
647 1311 746 1382 priori.

136 1385 211 1453 Quae
222 1386 288 1459 quia
299 1384 426 1441 mendaci
436 1386 589 1458 parientem
603 1386 712 1442 iuverat
721 1401 780 1452 ore,

136 1479 182 1517 ore
206 1463 292 1534 parit,
317 1470 480 1535 nostrasque
504 1461 614 1528 domos,
638 1469 715 1518 utet
733 1471 812 1527 ante,
838 1460 888 1517 ire-

636 1545 779 1610 quantula

174 1614 262 1682 Dixit,
282 1623 308 1669 et
323 1612 465 1669 admonitu
477 1614 577 1669 veteris
588 1621 722 1669 commota
737 1613 886 1677 ministrae,

81 1699 120 1742 325
137 1691 287 1763 ingemuit,
301 1707 385 1762 quam
396 1691 438 1744 sic
449 1707 537 1744 nurus
549 1698 590 1745 est
600 1688 678 1745 affata
689 1687 845 1745 dolentem:

139 1768 190 1820 nTe
202 1775 303 1830 tamen,
315 1766 472 1840 egenitrix,
485 1764 591 1821 alienae
602 1766 738 1840 sanguine
749 1774 843 1822 vestro

138 1849 214 1913 rapta
226 1850 318 1896 movet
328 1841 422 1896 iacies.
451 1840 526 1908 Quid
535 1843 559 1896 si
570 1842 622 1897 tihi
633 1842 702 1896 mira
713 1843 818 1897 sororis

139 1917 191 1972 lata
200 1915 592 1990 meaereleramiquamquam
602 1916 791 1989 lacrimaeque
800 1916 888 1973 dolor-

657 2010 693 2048 ue

137 2069 303 2141 impediunt,
315 2069 520 2141 prohibentque
530 2066 619 2140 loqui.
637 2009 708 2124 unit
717 2070 802 2124 unica
813 2068 887 2123 matri

81 2153 121 2196 333
137 2143 190 2216 (me
201 2153 278 2217 pater
288 2162 323 2199 ex
333 2144 386 2200 alia
397 2142 514 2218 genuit),
530 2144 675 2199 notissima
687 2143 776 2200 forma

137 2220 318 2275 Oechalidum
327 2221 449 2294 Dryope:
463 2236 547 2292 quam
559 2220 601 2274 vir
621 2220 717 2275 initate
728 2228 874 2283 carentem,

137 2298 251 2368 vimque
262 2296 307 2350 dei
318 2313 428 2368 passam
438 2295 559 2367 Delphos
567 2237 710 2369 Deionque
721 2296 841 2351 tenentis

138 2374 197 2425 cxci
202 2373 243 2444 pit
252 2372 436 2436 Andraemon,
449 2380 476 2425 et
485 2371 603 2426 habetur
612 2373 731 2446 coniuge
743 2370 823 2427 felix.

135 2447 183 2501 Est
195 2448 279 2511 laeua,
295 2448 410 2502 acclivis
422 2445 528 2502 devexo
538 2448 663 2522 margine
674 2446 793 2502 lormam

80 2531 119 2575 335
136 2521 235 2577 littoris
247 2523 380 2588 efficiens,
393 2540 534 2578 summum
546 2531 660 2596 myrteta
672 2533 815 2578 coronant.

136 2597 253 2652 Venerat
263 2599 319 2654 huc
328 2601 436 2674 Dryope
446 2598 564 2654 latorum
574 2598 677 2662 nescia,
690 2616 803 2672 quoquc

136 2673 282 2747 indiguere
294 2676 392 2749 magis,
405 2674 537 2749 nymphis
547 2674 634 2729 latura
644 2691 774 2730 coronas:
