1876 3480
187 157 238 212 228
387 161 414 209 P.
435 159 563 208 ovmn
584 160 753 209 Nasonis
805 184 810 191 ·

186 265 247 336 ipse
257 261 322 319 licet
332 262 436 319 revolet
448 263 546 319 ceratis
555 260 691 321 Daedalus
704 261 772 333 alie;

187 339 254 412 quid
265 338 365 395 faciet?
378 357 445 395 num
455 356 499 398 me
510 356 628 412 puerum
636 339 673 397 de
682 340 794 414 virgine
803 338 889 397 doctis¹

186 416 291 471 artibus
302 414 422 471 efficiet?
432 433 499 472 num
509 425 535 471 te
546 415 673 480 mutabit,
684 413 801 473 Ianthe?

187 491 260 558 Quin
271 493 395 547 animum
406 491 506 557 firmas,
519 499 602 564 teque
611 493 672 563 ipae
682 489 835 567 recolligis,
844 490 906 565 lpld.

131 575 170 622 tle
186 568 352 640 consiliique
363 569 460 640 inopes
471 576 498 623 et
506 566 605 625 stultos
614 567 725 625 excutis
735 565 835 642 ignes?

186 643 259 711 Quid
270 646 309 698 sis
321 653 392 709 nata,
406 644 479 709 vide,
492 645 547 700 nisi
558 652 585 699 te
596 660 708 716 quoque
719 643 829 717 decipis
837 644 925 717 ipson.¹

189 730 215 776 et
225 729 286 793 pete
298 719 370 792 quod
382 718 422 775 las
433 729 483 785 est,
497 728 524 775 et
533 737 604 785 eme,
617 719 692 792 quod
703 719 809 777 lemine
817 719 903 777 <lebes¹
922 748 925 753 ·

188 797 256 870 Spes
268 805 323 861 est,
336 814 407 869 quae
418 797 516 868 capiat,
529 813 594 869 spes
605 805 661 861 eet,
677 812 750 870 quae
760 804 936 884 peccatorio·

678 889 750 927 rem.

187 950 262 1003 Hanc
273 949 324 1003 tibi
335 966 378 1003 res
389 947 495 1004 adimit.
527 949 587 1003 Non
598 956 624 1003 te
633 948 762 1005 custodia
771 965 837 1005 cero
931 1011 932 1016 ἵ

133 1037 171 1077 teo
188 1033 261 1079 arcet
270 1024 304 1078 ab
315 1024 455 1097 amplexu,
467 1041 518 1081 nec
528 1024 601 1080 cauti
611 1041 677 1081 cura
687 1024 794 1090 mariti,

72 1101 77 1108 “
136 1158 142 1179 ⁵
190 1118 243 1154 non
256 1102 341 1172 patris
351 1102 495 1172 asperitas,
509 1117 559 1155 nec
569 1117 599 1155 se
610 1109 692 1174 negat
702 1101 765 1172 ipsa
776 1099 888 1175 roganti.
931 1153 933 1178 ,

187 1177 243 1230 Nec
254 1185 344 1230 tamen
355 1185 397 1230 est
407 1175 540 1249 potiunda
550 1176 615 1244 tibi;
638 1193 704 1242 nec,
720 1184 752 1233 ut
762 1172 922 1237 omnint

190 1269 251 1306 esse
262 1260 338 1323 potes
351 1250 427 1317 felix,
442 1260 472 1309 ut
482 1252 567 1324 dique
577 1251 764 1324 hominesque
774 1251 899 1313 labendi»

190 1329 270 1382 Nunc
281 1345 391 1400 quoque
398 1337 524 1384 votorum
529 1326 606 1384 nulla
612 1336 724 1400 estpars
730 1340 926 1399 venatricem,

134 1415 173 1457 755
188 1404 272 1477 dique
284 1405 353 1459 mihi
364 1403 469 1469 faciles,
486 1403 624 1477 quidquid
636 1402 761 1469 valuere,
773 1402 909 1465 deduam
932 1453 933 1462 ,

189 1480 319 1553 quodque
330 1498 394 1555 ego.
414 1479 473 1535 vult
481 1482 603 1554 genitor,
619 1497 698 1537 socer
712 1489 742 1535 et
754 1474 932 1561 unitionem-2

686 1564 780 1612 turus.
929 1566 932 1577 '

190 1633 225 1686 At
236 1650 289 1687 non
300 1632 360 1687 vult
370 1642 475 1696 natura,
487 1633 623 1704 potentior
632 1632 765 1687 omnibus
777 1633 849 1697 istie,

190 1726 260 1780 quae
272 1709 342 1763 mihi
353 1708 409 1763 sola
421 1715 510 1764 nocet.
527 1709 609 1763 Venit
621 1724 684 1763 ecoe
690 1707 818 1779 optabile
824 1717 919 1778 tem

193 1783 296 1856 luxque
307 1784 409 1858 iugalis
420 1783 506 1849 adest,
517 1793 545 1838 et
558 1785 613 1839 iam
623 1801 683 1839 mee
696 1785 744 1839 liet
753 1783 863 1840 Ianthe:

136 1871 175 1913 teu
191 1877 241 1914 nec
252 1860 322 1914 mihi
333 1861 487 1934 contingen
501 1859 602 1915 mediis
613 1861 741 1916 sitiemus
757 1860 789 1917 in
800 1859 885 1915 undis.

192 1936 318 1991 Pronuba
329 1936 395 2009 quid
408 1938 485 2001 luno,
497 1935 566 2008 quid
576 1935 611 1991 ad
621 1935 699 2000 haec,
715 1937 879 2009 Hymenaee,
888 1946 923 1987 rs·

690 2012 759 2067 nitis

193 2106 282 2153 sacra,
305 2087 408 2160 quibus
419 2088 467 2160 qui
480 2088 562 2142 ducat
572 2088 662 2151 abest,
680 2087 731 2143 ubi
742 2087 925 2203 nubimus*

688 2163 780 2218 bae«

192 2241 296 2296 Pressit
305 2240 340 2295 ab
351 2239 396 2295 his
408 2256 513 2294 vocem.
544 2238 600 2293 Nec
611 2239 704 2294 lenius
713 2237 802 2295 altera
813 2238 886 2312 virgo

192 2326 310 2372 aestuat:
327 2325 413 2388 utque
424 2314 496 2371 celer
507 2316 612 2378 venies,
625 2317 795 2389 Hymenaee,
809 2318 925 2387 praesit·

192 2392 271 2457 Quod
282 2393 351 2464 petit
362 2391 442 2455 haec,
461 2390 607 2447 Telethusa
618 2392 721 2447 timens
731 2391 817 2447 modo
826 2398 938 2461 lempst

138 2481 176 2523 mn
576 2490 581 2499 ·
678 2466 783 2533 diflert,

195 2561 268 2597 nune
283 2543 344 2598 ficto
358 2543 488 2618 languore
500 2561 603 2598 moram
617 2543 709 2609 trahit,
722 2545 818 2599 emnia
829 2554 900 2613 saepe

196 2620 310 2689 visaque
321 2629 473 2675 caussatur.
502 2617 555 2673 Sed
566 2620 621 2673 iam
631 2629 827 2675 consumserat
838 2626 931 2674 omum

192 2696 337 2752 materiam
350 2695 418 2763 ficti,
430 2694 571 2767 dilataque
577 2703 699 2764 mmnora
710 2695 810 2751 taedae
