1876 3480
125 150 173 203 tot
315 155 343 201 a.
363 150 492 202 ovrnn
509 132 682 201 nasonis

124 256 383 385 luppitereriqiietu
415 254 530 312 Conanti
541 236 803 331 mittarelleh'heu's:
821 326 829 333 ,

123 331 210 399 »Quid
222 331 290 388 facis
323 330 473 387 exclamat:
491 338 562 405 quae
573 340 609 398 te,
620 332 767 407 gemine,
780 333 853 389 luran

621 414 678 464 tem

122 501 200 538 mens
210 483 268 557 agit
276 484 306 538 in
317 480 445 538 lacinus?
459 472 603 538 meritisne
613 472 683 538 haeh
693 485 781 559 gratia
792 484 853 540 tanti

67 570 92 614 15
124 557 267 615 reddituri
277 558 329 614 hac
341 558 426 613 vitam
435 564 559 629 servatae
569 558 632 615 dote
642 558 793 633 rependis?

122 653 205 709 quarn
216 635 268 690 tibi
280 652 333 689 non
344 635 471 699 Perseus,
484 625 582 689 veruih
591 630 616 690 si
627 635 750 711 quaeris,
761 626 853 691 ademi*

123 711 172 766 sed
181 727 265 785 grave
271 709 420 765 Nereidum
430 724 543 774 numen,
556 704 853 786 sedcoriiig'erhliimor

123 787 171 842 sed
182 802 252 858 quae
263 784 419 841 visceribus
431 784 560 840 veniebat
571 785 664 841 bellua
675 787 754 858 ponti

123 861 306 917 exsaturanda
320 860 401 915 meis.
433 861 484 917 lllo
494 860 546 916 tibi
557 869 680 935 tempore
691 871 769 935 rapta
780 870 831 926 est,

66 948 92 993 20
123 955 178 1011 quo
188 938 309 1009 peritura
320 936 383 992 fuit.
413 936 475 992 Nisi
485 938 520 1002 si,
536 935 670 1013 crudelis
682 936 819 1011 idipsum

121 1013 222 1086 exigis,
234 1020 265 1068 ut
275 1020 377 1085 pereat,
391 1009 524 1086 luctuque
535 1010 662 1068 loiaberc
673 1012 777 1070 no'stro.

122 1087 234 1145 Scilicet
244 1087 320 1144 haud
332 1088 400 1143 satis
411 1096 462 1155 est,
474 1087 549 1162 quod
562 1094 588 1143 t'e
599 1082 742 1161 spectant&
752 1089 853 1145 re'iinot

619 1172 671 1230 est,

120 1248 147 1296 et
157 1237 263 1295 nullam
273 1238 348 1311 quod
357 1255 439 1312 opem
449 1247 566 1312 patruus
576 1256 733 1313 sponsusve
743 1238 848 1308 tulisti;

122 1317 247 1388 insuper,
260 1331 274 1370 a
286 1317 427 1389 quoquam
439 1314 514 1388 quod
523 1316 560 1371 sit
570 1316 688 1381 seriata,
701 1314 821 1381 dolebis,

120 1390 298 1466 praemiaque
308 1388 430 1464 eripies?
439 1391 515 1458 Quae
524 1391 548 1446 si
559 1390 614 1467 tibi
623 1400 723 1466 magna
734 1391 853 1448 videhtm

123 1487 158 1524 ex
169 1469 227 1523 illis
239 1466 372 1541 scopulis,
384 1464 434 1522 ubi
448 1476 525 1522 erant
534 1466 628 1532 affixa,
641 1468 771 1540 petisses.

121 1546 201 1600 Nunc
211 1547 281 1609 sine,
294 1545 344 1619 qui
354 1544 443 1616 petiit,
456 1559 507 1615 per
516 1560 600 1616 quem
610 1542 679 1599 haec
689 1561 745 1598 non
754 1543 821 1599 orba
831 1544 853 1599 si

620 1628 727 1684 nectus,

124 1695 194 1751 ferre
205 1696 279 1768 quod
289 1703 316 1749 et
327 1696 433 1750 meritis
443 1703 470 1750 et
481 1711 547 1750 voce
557 1703 599 1750 est
609 1704 720 1766 pactus:
737 1712 853 1768 eumque

123 1789 178 1827 non
189 1771 250 1834 tibi,
264 1769 313 1825 sed
327 1779 414 1826 certae
425 1769 579 1842 praelatum
594 1771 720 1845 intellige
730 1772 839 1827 morti«

121 1847 170 1903 llle
184 1845 254 1901 nihil
266 1855 373 1901 contra:
390 1847 438 1901 sed
450 1855 476 1901 et
487 1846 562 1902 hunc
573 1856 600 1901 et
609 1847 707 1901 Persea
720 1847 799 1902 vultu

125 1922 228 1979 alterno
239 1930 377 1995 spectans,
390 1931 465 1995 petat
476 1922 560 1987 hunc,
572 1918 690 1996 ignorat,
703 1934 737 1977 an
749 1922 845 1995 illurn:

125 2007 325 2070 cunctatusque
336 1997 415 2052 brevi
425 2008 576 2054 contortam
587 1996 697 2053 viribus
708 1998 826 2063 hastam,

125 2083 241 2148 quantas
252 2074 291 2129 ira
303 2072 394 2137 dabat,
406 2073 596 2145 nequidquam
607 2075 636 2128 in
646 2075 745 2147 Persea
757 2074 844 2130 misit.

124 2152 159 2207 Ut
169 2152 244 2206 stetit
254 2149 301 2213 illa
311 2148 482 2213 toro‚‚stra'tis
496 2157 555 2204 tum
566 2148 687 2222 denique
697 2148 816 2204 Perseus

124 2228 247 2291 exsiluit,
260 2224 370 2298 teloque
381 2214 459 2279 le'rox
469 2224 582 2280 inimica
594 2226 711 2282 remisso

125 2312 234 2375 pectora
246 2303 376 2374 rupisset,
389 2301 445 2355 nisi
454 2310 518 2373 post
531 2300 625 2356 altaria
636 2301 760 2358 Phineus

126 2380 206 2434 isset:
221 2386 256 2443 et,
269 2376 430 2452 indignum!
450 2377 583 2433 scelerato
593 2375 698 2449 proluit
709 2396 765 2433 ara.

126 2455 223 2509 Fronte
235 2461 326 2508 tamen
336 2453 434 2509 Rhoeti
444 2471 499 2509 non
509 2453 585 2525 irrita
596 2454 692 2524 cuspis
702 2452 843 2510 adhaesit:

125 2530 174 2602 qui
194 2538 340 2601 postquam
360 2529 461 2585 cecidit
477 2528 636 2601 ferrumque
654 2530 689 2583 ex
705 2546 768 2585 osse
784 2528 853 2585 revu

624 2614 750 2670 sumest,

70 2687 97 2735 lu
126 2678 249 2735 calcitrat
259 2686 285 2733 et
296 2680 399 2751 positas
413 2680 555 2754 adspergit
565 2672 701 2753 sanguine
713 2672 835 2736 mensas.

50 2934 132 3027 s
