1876 3480
172 135 224 191 284
363 141 392 186 Ρ.
413 139 542 189 ovum
561 139 740 185 NASONIS

175 245 233 299 Non
245 241 308 299 illos
319 242 449 308 citharae,
462 260 516 299 non
529 239 594 297 illos
605 242 736 299 carmina
747 256 845 305 vocum,

175 319 292 394 longave
303 318 438 375 multifori
449 319 565 375 deiectat
574 317 645 374 tibia
656 317 742 384 buxi,

174 394 223 451 sed
234 404 342 451 noctem
352 412 478 451 sermone
489 394 611 458 trahunt,
629 386 896 468 virtusqueloquaii,
928 410 934 449 1

118 483 157 527 tto
175 473 287 528 materia
302 481 353 527 est.
383 473 494 546 Pugnae
505 469 630 526 referunt
640 469 792 545 hostisque
802 480 901 539 numqua

173 550 257 621 inque
271 549 345 604 vices
355 547 428 604 adita
439 557 521 620 atque
532 546 669 603 exhausta
681 546 811 619 pericula
820 558 885 617 saepe

174 642 387 680 commemorare
418 625 505 680 iuvat.
555 620 630 690 Quid
663 622 788 756 epimnl
825 626 915 678 uuor·

700 699 752 755 chi
776 716 806 755 es

173 786 220 832 aut
231 775 299 848 quid
311 775 382 848 apud
398 793 530 851 magnum
542 776 636 848 potius
646 773 832 906 lopuepentm
838 766 910 829 aut-

471 865 476 875 ·
685 868 750 907 em.

173 928 301 984 Proxima
311 930 461 1001 praecipue
472 927 575 982 domito
587 928 704 983 victoria
716 927 817 1003 Cygno
915 942 919 951 ·

120 1014 158 1058 tto
176 1007 204 1059 in
215 1021 342 1060 sermone
353 1002 416 1061 fuit.
452 1004 548 1061 Visum
562 1003 693 1058 mirabile
707 1005 832 1067 cunctis,

178 1078 252 1152 quod
262 1081 373 1136 iuvenis
384 1097 485 1153 corpus
496 1078 573 1134 nulio
584 1079 765 1150 penetrabile
776 1078 829 1136 telo

177 1157 367 1229 invictumque
378 1174 394 1213 a
405 1154 521 1212 vulnere
532 1162 597 1219 erat,
612 1153 784 1230 ferrumque
795 1152 895 1212 terebat.

177 1232 231 1287 Hoc
245 1232 305 1304 ipse
315 1231 459 1296 Aeacides,
475 1232 527 1288 hoc
540 1231 715 1288 mirabantur
724 1232 841 1289 Achivi.

176 1304 267 1375 Quum
277 1310 319 1363 sic
329 1310 427 1364 Nestor
437 1310 489 1365 ait:
508 1308 618 1364 »Vestro
629 1305 684 1364 tuit
698 1311 876 1364 unicusaern
931 1310 934 1375 ζ

121 1395 160 1438 rto
177 1392 327 1440 contemtor
338 1383 404 1439 ferri
415 1382 548 1456 nulloque
558 1382 687 1439 forabilis
697 1385 761 1441 ictu

178 1459 304 1534 Cygnus3
318 1469 345 1517 at
355 1461 416 1532 ipse
426 1458 493 1515 olim
504 1460 654 1532 patientem
669 1459 791 1517 vulnera
801 1456 872 1515 milia

179 1554 291 1608 corpore
302 1555 356 1592 non
367 1536 441 1592 laeso
451 1535 638 1592 Perrhaebum
649 1535 761 1593 Caenea
776 1535 848 1592 vidi:

178 1612 281 1667 Caenea
293 1612 488 1676 Perrhaebum,
501 1613 550 1685 qui
563 1611 642 1667 iactis
653 1611 784 1687 inclytus
794 1610 891 1683 Othryn

179 1688 303 1743 incoluit.
332 1687 447 1761 Quoque
459 1687 488 1743 id
499 1691 600 1743 mirum
615 1690 705 1761 magis
717 1698 795 1744 esset
807 1688 835 1744 in
849 1684 896 1745 itta,

123 1776 155 1817 111
180 1763 279 1819 semina
291 1773 371 1819 natus
383 1774 465 1820 erata
492 1765 606 1822 Monstri
618 1766 741 1820 novitate
755 1771 893 1820 moventur

178 1841 306 1913 quisquis
327 1839 417 1905 adest,
446 1850 591 1913 narretque
612 1850 719 1914 rogant.
763 1840 839 1908 Quos
866 1838 917 1892 inu

675 1915 820 1973 Achilles:

180 1993 241 2046 »Dic
252 2010 312 2066 age,
325 2010 387 2047 nam
400 1993 507 2048 cunctis
519 1992 614 2048 eadem
625 2000 667 2046 est
676 1992 778 2048 audire
791 1992 912 2050 voluntas,

180 2088 196 2124 o
208 2067 325 2124 facunde
335 2087 430 2134 senex,
447 2069 508 2124 aevi
519 2067 665 2141 prudentia
677 2072 779 2134 nostri,

181 2146 244 2217 quis
259 2144 342 2200 fuerit
353 2144 486 2209 Caeneus,
499 2161 548 2201 cur
561 2144 591 2200 in
601 2146 738 2202 contraria
751 2163 864 2202 versus:

125 2231 164 2274 rso
180 2239 234 2294 qua
245 2221 297 2276 tibi
309 2220 417 2286 militia,
434 2222 514 2277 cuius
525 2221 675 2277 certamine
686 2238 803 2296 pugnae

182 2298 318 2372 cognitus,
331 2316 346 2352 a
357 2314 412 2370 quo
422 2298 460 2353 sit
471 2298 570 2362 victus,
584 2299 609 2352 si
622 2298 712 2353 victus
724 2297 759 2353 ab
772 2296 833 2354 ullo
843 2304 901 2353 est«

183 2375 252 2429 Tum
263 2375 369 2430 senior:
383 2369 530 2440 »Quamvis
540 2373 630 2428 obstet
640 2372 921 2430 mihitardavetusur,

183 2449 324 2523 multaque
334 2467 378 2504 me
390 2449 497 2524 fugiant
508 2450 605 2522 primis
617 2458 739 2523 spectata
750 2451 808 2506 sub
819 2449 901 2511 annis,

183 2524 262 2596 plura
274 2536 363 2582 tamen
374 2527 503 2595 memini;
521 2543 570 2582 nec
581 2544 651 2599 quae
663 2520 921 2600 magishaereatilh.

127 2611 165 2654 185
182 2610 291 2671 pectore
302 2619 345 2656 res
355 2613 447 2659 nostro
458 2611 499 2659 est
510 2603 582 2658 inter
592 2602 715 2675 beliique
728 2602 862 2676 domique

184 2685 241 2730 acta
253 2686 300 2731 tot.
331 2679 368 2733 Ac
380 2682 403 2734 si
415 2697 496 2753 quem
511 2681 598 2751 potuit
608 2680 729 2751 spatiosa
741 2688 871 2737 senectus
