1876 3480
171 161 200 212 ld
361 165 385 209 P.
407 164 537 212 0v1n11
555 165 723 211 NASONIS

110 279 149 322 teu
170 268 274 323 viderat
283 265 401 322 adducto
411 264 566 322 flectentem
577 283 680 322 cornua
689 284 789 322 nervo:

168 341 310 414 »Quidque
321 342 386 407 tibi,
399 339 502 398 lascive
513 358 592 413 puer,
611 358 675 396 eum
687 341 805 397 fortibus
815 341 918 398 armis‘l

166 419 287 474 dixerat:
306 419 357 473 ista
367 417 466 473 decent
475 418 605 472 humeros
615 419 769 490 gestamina
781 431 897 483 nostros,

167 495 216 567 qui
227 494 291 548 dare
297 502 370 548 certa
381 492 463 558 ferae,
476 493 540 548 dare
557 492 914 565 vulnerapossumushosti,

167 570 216 642 qui
227 568 308 624 modo
319 568 449 641 pestifero
461 577 499 623 tot
508 569 604 641 iugera
617 578 711 624 ventre
721 579 901 641 prementem,

108 654 148 701 ltu
167 645 317 700 stravimus
328 645 481 699 innumeris
491 643 630 699 tumidum
643 643 767 717 Pythona
777 646 895 718 sagittis.

166 724 208 776 Tu
220 719 278 775 lace
289 720 382 774 nescio
393 737 462 791 quos
473 727 531 774 esto
541 728 685 775 contentus
696 737 803 775 amores

164 797 272 851 irritare
283 805 343 859 tua,
359 812 410 849 nee
424 794 519 851 laudes
529 812 620 850 assere
629 803 766 850 nostras«

166 871 256 928 Filius
266 871 333 926 huic
344 871 472 927 Veneris:
495 871 592 944 »Figat
601 879 666 926 tuus
676 872 782 935 omnia,
794 871 914 937 Phoebe,

164 957 191 1003 te
202 965 281 1001 meus
292 964 381 1011 arcus,
394 948 445 1001 ait:
467 954 625 1019 quantoque
636 946 766 1001 animalia
776 947 879 1002 cedunt

108 1031 149 1079 lte
167 1031 266 1078 cuneta
276 1021 337 1086 deo,
350 1030 423 1077 tanto
434 1023 524 1076 minor
534 1030 576 1077 est
590 1031 634 1077 tua
644 1021 734 1095 gloria
745 1030 864 1077 nostra«

163 1099 251 1162 Dixit,
267 1104 294 1152 et
304 1096 373 1151 eliso
383 1098 523 1168 percussis
537 1100 599 1152 a'e'ro
608 1098 709 1169 pennis

164 1175 284 1246 impiger
293 1173 423 1228 umbrosa
435 1173 547 1228 Parnasi
557 1173 681 1229 constitit
690 1190 761 1237 arce,

164 1249 255 1321 deque
266 1247 417 1321 sagittifera
429 1249 544 1319 promsit
556 1247 611 1303 duo
623 1247 676 1303 tela
687 1247 814 1320 pharetra

164 1325 338 1379 diversorum
343 1341 458 1396 operum
467 1344 474 1393 ς
482 1323 625 1396 lugathoc,
633 1323 698 1380 lacit
704 1323 775 1378 illud
782 1341 904 1378 amorem

107 1407 148 1454 tto
165 1398 244 1467 Quod
255 1399 330 1464 lacit,
343 1408 468 1455 auratum
479 1409 521 1455 est
530 1406 556 1454 et
567 1399 683 1472 cuspide
694 1398 783 1472 fulget
792 1407 887 1454 acuta:

165 1476 240 1547 quod
257 1474 346 1550 lugat,
369 1475 498 1530 obtusum
515 1483 556 1530 est
570 1483 597 1530 et
610 1475 695 1531 habet
708 1475 762 1530 sub
779 1474 916 1531 arundine

605 1550 762 1622 plumbum.

165 1627 220 1680 lloo
234 1625 302 1680 deus
314 1627 342 1679 in
354 1626 475 1698 nympha
485 1625 604 1680 Peneide
615 1626 689 1695 fixit;
706 1625 792 1681 atillo

166 1699 245 1753 laesit
254 1699 413 1770 Apollineas
425 1701 535 1756 traiecta
545 1718 595 1772 per
604 1718 664 1757 ossa
676 1700 824 1756 medullas.

164 1776 292 1829 Protinus
302 1774 370 1830 alter
379 1784 463 1843 amat;
478 1775 551 1850 fugit
560 1775 644 1832 altera
656 1794 756 1831 nomen
766 1778 893 1844 amantis,

107 1857 146 1903 tto
165 1849 300 1905 silvarum
311 1849 423 1906 latebris
434 1853 662 1923 captivarumque
674 1852 794 1908 terarum

163 1927 273 1980 exuviis
283 1925 407 1999 gaudens
421 1927 610 1999 innuptaeque
619 1928 727 1983 aemula
738 1927 873 1983 Phoebes.

163 2001 236 2057 Vitta
249 2002 391 2056 coercebat
404 2003 508 2073 positos
519 2003 579 2057 sine
591 2002 652 2076 lege
662 2002 789 2075 capillos.

164 2076 243 2133 Multi
255 2075 331 2131 illam
340 2076 459 2148 petiere:
473 2077 520 2133 illa
530 2088 653 2133 aversata
662 2087 787 2149 petentes

95 2156 99 2163 '
164 2153 310 2223 impatiens
321 2169 476 2225 expersque
487 2154 540 2207 viri
551 2171 662 2209 nemora
673 2154 735 2209 avia
750 2153 856 2219 lustrat,

121 2238 146 2279 tu
165 2245 216 2282 neo
229 2227 298 2299 quid
307 2229 424 2300 llymen,
437 2227 605 2300 quidAmor‚
618 2229 687 2302 quid
698 2230 754 2284 sint
762 2230 913 2295 connubia,

661 2313 747 2360 curat.

161 2377 247 2449 Saepe
257 2387 334 2449 pater
347 2378 432 2433 dixit:
450 2378 591 2434 Generum
601 2380 681 2446 mihi,
695 2381 761 2444 lilia,
774 2380 869 2435 debes.

151 2441 249 2524 ¹¹laepe
258 2461 335 2524 pater
344 2453 429 2509 dixit:
447 2455 535 2510 Debes
546 2454 625 2518 mihi,
639 2465 709 2520 nata,
723 2465 848 2528 nepotes.

96 2508 135 2554 4²⁰
155 2517 223 2592 Vlla,
238 2528 312 2583 velut
322 2529 437 2596 crimen,
452 2529 543 2585 taedas
553 2547 636 2585 exosa
646 2530 764 2604 iugales,

153 2593 278 2659 orelebra
289 2605 445 2660 verecundo
455 2604 617 2661 suffundens
627 2624 673 2661 ora
688 2607 796 2670 rubore,

143 2651 250 2792 ἓξὲξ
261 2680 348 2754 patris
359 2680 470 2738 blandis
480 2681 597 2739 haerens
607 2683 716 2739 cervice
730 2682 855 2740 lacertis:

260 2852 308 2901 ..4

207 2940 232 2975 A
