1876 3480
120 164 172 220 272
311 166 339 213 v.
360 164 488 213 ovrmr
505 162 675 214 Nasones

121 274 182 343 ipsa
192 279 277 344 gerat,
289 269 449 340 reditusque
460 269 515 323 sibi
526 270 662 340 promittit
671 270 774 324 inanes.
876 336 878 341 Ι

120 347 257 403 Omnibus
267 344 315 399 illa
326 344 438 417 quidem
448 344 562 416 Superis
572 346 618 416 pia
629 354 691 401 tura
702 344 809 401 ferebat:
872 354 878 393 “.

119 432 182 478 ante
193 431 282 476 tamen
292 429 404 475 cunctos
415 421 527 475 Iunonis
539 418 641 491 templa
651 420 765 485 colebat,

123 514 226 569 proque
237 498 305 560 viro,
318 496 368 568 qui
379 494 473 550 nullus
484 504 549 560 erat,
565 496 696 553 veniebat
705 495 739 551 ad
747 512 811 559 arm,

66 584 105 626 stt
121 581 206 645 utque
218 572 286 627 loret
294 588 390 642 sospes
400 572 502 626 coniux
512 587 590 634 suus,
602 580 689 643 utque
699 570 803 637 rediret,

120 646 239 720 optabat,
252 645 413 718 nullamque
423 647 478 701 sibi
489 646 647 718 praeferret.
679 648 714 702 At
723 646 765 702 illi

123 724 174 778 hoc
185 723 218 778 de
229 732 267 779 tot
277 722 348 776 votis
359 730 463 793 poterat
472 722 630 796 contingere
640 720 743 779 solum.
830 777 833 783 ,

159 802 194 853 At
204 798 254 852 dea
267 813 321 851 non
331 795 400 851 ultra
412 814 461 869 pro
472 797 565 854 iuncto
575 807 662 853 morte
672 799 763 872 rogari

122 874 250 929 sustinet.
281 872 370 944 thue
380 890 479 927 manus
489 872 612 928 funestas
621 882 713 929 arceat
724 874 788 936 aris,

66 960 106 1003 555
121 950 180 1013 ciri,
192 965 278 1012 meae,
291 947 371 1011 dixit,
385 947 517 1003 fidissima
531 948 624 1003 nuntia
636 949 723 1011 vocis,

124 1025 182 1078 vise
193 1022 371 1095 soporiferam
382 1022 476 1077 Somni
489 1021 618 1078 velociter
628 1022 730 1089 aulam,

123 1099 307 1170 exstinctique
318 1098 385 1152 iube
395 1098 490 1171 Ceycis
501 1099 622 1173 imagine
631 1099 722 1155 mittat

122 1175 227 1229 somnia
241 1173 275 1228 ad
284 1172 450 1246 Halcyonen.
464 1190 541 1229 veros
554 1175 693 1231 narrantia
704 1190 807 1230 casus«

121 1250 241 1304 Dixerat.
274 1248 400 1303 lnduitur
413 1248 548 1305 velamina
557 1249 635 1304 mille
645 1249 769 1305 colorum

68 1335 107 1378 555
123 1325 183 1388 lris,
196 1333 222 1379 et
232 1333 342 1380 arcuato
352 1323 460 1379 coelum
471 1324 630 1379 curvamine
644 1326 760 1399 signans

125 1408 194 1455 tecta
204 1399 274 1470 petit
283 1400 352 1453 iussi
367 1399 419 1454 sub
434 1416 501 1472 rupe
513 1398 622 1455 latentia
633 1402 721 1474 regis.

160 1476 209 1529 Est
218 1491 302 1548 prope
312 1475 473 1530 Cimmerios
485 1474 566 1549 longo
576 1474 711 1547 spelunca
721 1491 835 1536 recessu,

124 1568 202 1605 mons
213 1568 307 1614 cavus,
320 1551 414 1623 ignavi
425 1550 523 1605 domus
534 1559 560 1605 et
570 1552 722 1622 penetralia
732 1549 835 1606 Somni:

124 1644 179 1698 quo
190 1642 331 1697 nunquam
344 1625 429 1680 radiis
440 1626 531 1680 oriens
541 1626 687 1680 mediusve
698 1626 830 1680 cadensve

70 1712 108 1755 555
124 1701 249 1754 Phoebus
260 1700 335 1755 adire
347 1711 444 1772 potest.
476 1701 598 1756 Nebulae
608 1702 729 1774 caligine
741 1702 836 1756 mixtae

124 1776 286 1830 exhalantur
296 1776 390 1839 humo,
403 1776 559 1848 dubiaeque
570 1777 733 1849 crepuscula
747 1775 824 1831 lucis.

124 1852 183 1906 Non
197 1849 264 1924 vigil
276 1851 332 1905 ales
344 1852 382 1905 ibi
395 1852 498 1907 cristati
509 1853 636 1908 cantibus
647 1854 703 1906 oris

127 1935 221 1981 evocat
230 1925 371 1991 Auroram,
385 1944 435 1982 nec
447 1944 512 1982 voce
523 1927 631 1983 silentia
645 1938 781 1998 rumpunt

125 2001 272 2057 sollicitive
283 2019 364 2056 canes
375 2003 525 2057 canibusve
535 2003 659 2077 sagacior
669 2021 760 2058 anser.

72 2089 110 2132 tot
124 2079 184 2132 Non
196 2076 260 2140 sera,
274 2094 327 2131 non
338 2077 467 2149 pecudes,
481 2095 534 2133 non
545 2079 610 2134 moti
621 2076 818 2139 hemmerami,

129 2153 298 2207 humanaeve
309 2170 407 2207 sonum
418 2153 535 2208 reddunt
545 2154 669 2209 convicia
680 2153 802 2228 linguae.

106 2278 111 2287 .
128 2231 200 2283 Muta
211 2229 290 2300 quies
301 2227 414 2283 habitat.
444 2227 514 2283 Saxo
527 2239 615 2284 tamen
626 2231 685 2285 exit
694 2230 730 2285 ab
739 2230 795 2284 imo

129 2303 859 2377 rivusaquaeLethes,perquerncummurmurelabens

129 2379 225 2432 invitat
235 2395 345 2433 somnos
356 2380 553 2450 crepitantibus
565 2380 637 2435 unda
650 2380 764 2452 lapillis.

74 2463 113 2506 tot
128 2454 196 2507 Ante
208 2453 279 2507 iores
292 2455 363 2508 antri
375 2453 489 2509 fecunda
502 2472 637 2528 papavera
647 2453 743 2511 florent

132 2529 345 2601 innumeraeque
356 2528 465 2593 herbae,
479 2548 595 2602 quarum
606 2530 640 2585 de
652 2531 721 2587 lacte
731 2544 846 2603 soporem

130 2619 185 2656 nox
196 2603 272 2676 legit,
285 2613 311 2659 et
324 2606 428 2678 spargit
439 2621 596 2678 peropacae
607 2606 722 2663 humida
731 2615 813 2661 terras

127 2678 221 2745 lanua,
235 2695 269 2734 ne
280 2696 360 2736 verso
371 2679 518 2738 stridorem
526 2681 638 2738 cardine
647 2681 752 2747 reddat,
