1876 3480
105 116 154 175 298
296 124 326 169 1².
347 122 476 169 ovrnrt
494 122 663 169 nasonis

106 228 198 295 Quum
209 234 298 282 tamen
310 223 358 280 ille
369 224 446 281 ferox
456 223 586 297 belloque
596 220 737 281 cruentior
745 226 803 298 ips'o

106 305 178 359 vivit
189 303 288 366 adhuc,
310 303 402 374 operis
413 301 497 357 nostri
509 301 665 374 populator,
685 292 814 357 Achilles.

107 381 157 435 Det
167 379 237 434 mihi
248 397 291 434 se:
305 377 377 443 saxo,
390 376 494 451 triplici
505 376 574 449 quid
584 376 703 453 cuspide'
713 379 822 450 possim,
921 440 928 445 ,

52 468 91 512 555
107 457 216 511 sentiat.
245 454 281 510 At
290 455 420 526 quoniam
432 456 594 509 concurrere
604 448 733 509 cominus
744 454 812 510 lto'sti

109 549 163 587 non
174 530 263 594 datur,
274 529 380 586 occulta
392 529 559 602 necopinum
570 528 655 601 perde
665 530 797 604 sagittat«

106 608 220 671 Annuit,
233 615 314 678 atquc
325 607 417 661 animo
430 605 531 678 pariter¹
541 605 690 678 patruique
703 608 806 679 suoque

107 683 202 739 Delius
212 681 361 756 indulgens
373 680 473 737 nebula
487 678 594 736 velatus
605 681 634 735 in
646 696 752 756 agmen¹
767 752 770 757 Ι

108 760 235 833 pervenit
245 758 368 821 iliacum,
385 757 531 829 mediaque
541 756 571 811 in
584 754 670 813 caede
680 757 799 813 virorn'm

54 849 93 892 tut
106 853 165 891 raro
177 852 226 907 per
237 836 345 908 ignotos
356 841 530 908 spargentem
541 830 629 888 cernit
638 830 761 890 Achivos

108 911 162 969 tela
172 912 263 975 Parin,
280 909 425 983 fassusque
435 908 519 973 deum
529 905 617 976 »Quid
627 908 737 982 spicula
776 908 830 965 'ldis
927 968 937 974 ,

108 988 243 1060 sanguine
256 985 422 1059 plebis‘lait.
443 982 472 1040 Si
483 1001 538 1058 qua
549 984 652 1040 esttibi
662 990 729 1042 cuia
764 976 842 1047 crudi,

110 1072 215 1117 vertere
225 1065 254 1116 in
265 1061 411 1126 Aeaciden,
424 1058 574 1133 caesosque
581 1056 844 1135 ulciscerentur-ectr

107 1140 192 1202 Dixit,
205 1147 232 1192 ct
240 1137 388 1192 ostendens
398 1138 565 1192 ‘sternentem
575 1134 672 1191 Troica
684 1134 756 1192 fetro

54 1228 93 1270 555
108 1230 220 1286 corpora
230 1213 353 1278 Peliden,
366 1230 446 1268 arcus
456 1212 616 1269 obventitia
626 1208 719 1278 illum,

109 1299 237 1361 certaque
247 1287 353 1344 letifera
364 1288 466 1344 direxit
475 1284 583 1361 spicula
593 1287 701 1345 dextra.

109 1365 188 1432 Quod
198 1365 323 1420 Priamus
334 1365 453 1439 gaudere
464 1364 550 1420 senex
560 1371 623 1438 post
632 1364 747 1421 Hectora
757 1364 842 1437 posset,

112 1443 164 1498 hoc
174 1440 236 1496 tuit.
267 1441 316 1496 llle
327 1441 413 1515 igitur
425 1442 563 1496 tantorum
574 1441 671 1505 victor,
687 1438 801 1503 Achille,

113 1520 204 1573 victus
217 1535 247 1571 es
260 1536 274 1572 5
285 1516 383 1572 timido
393 1516 491 1572 Graiae
502 1522 609 1589 raptore
620 1517 748 1572 maritae!

57 1607 95 1649 otu
111 1595 145 1649 At
155 1595 178 1647 si
192 1593 310 1648 feminco
319 1593 408 1647 fuerat
417 1593 469 1647 tibi
480 1594 564 1649 Marte
574 1591 740 1656 cadendum,

113 1669 356 1724 Thermodontiaca
367 1667 464 1723 malles
475 1668 608 1724 cecidisse
618 1668 746 1740 bipenni.

114 1749 170 1800 lam
181 1747 262 1800 timor
272 1744 320 1799 ille
330 1744 481 1817 Phrygum,
499 1744 583 1799 decus
594 1752 621 1800 et
631 1742 716 1800 tutele
726 1744 826 1817 Pelasgi

115 1823 244 1884 nominis,
257 1820 399 1884 Aeacides,
412 1829 495 1893 caput
505 1820 695 1893 insuperabile
704 1819 785 1883 bello,
901 1816 905 1825 '

114 1906 229 1963 arserat,
247 1905 363 1951 armarat
373 1895 442 1951 deus
453 1896 536 1961 idem,
549 1895 681 1968 idemque
692 1904 825 1952 cremarat,

57 1986 97 2028 515
111 1976 167 2028 lam
180 1973 250 2026 cinis
262 1981 311 2036 est,
325 1972 395 2026 etde
408 1981 462 2026 tam
473 1986 573 2046 magno
584 1979 668 2027 restat
676 1971 784 2027 Achille

114 2050 207 2103 nescio
228 2048 311 2120 quid,
334 2065 446 2120 parvam
466 2048 540 2121 quod
560 2064 614 2103 non
635 2047 708 2102 bene
729 2044 848 2120 compleat

556 2140 664 2179 urnam.

115 2200 149 2254 At
161 2201 238 2263 vivit,
251 2208 338 2254 totum
349 2217 419 2270 quac
429 2198 516 2272 gloria
528 2199 663 2272 compleat
673 2200 778 2256 orbem.

113 2277 185 2331 llaec
195 2275 238 2329 illi
251 2291 377 2329 mensura
391 2276 452 2330 viro
465 2275 621 2347 respondet,
634 2284 661 2331 et
671 2274 739 2331 haec
749 2284 789 2332 est

115 2369 163 2422 par
174 2352 235 2415 tibi,
247 2350 350 2413 Pelida,
367 2368 417 2405 nec
431 2352 522 2406 inania
533 2353 643 2408 Tartara
654 2353 748 2408 sentit.

61 2437 100 2480 tto
115 2429 175 2496 lpse
186 2428 277 2490 etiarn,
290 2435 329 2490 ut,
343 2428 423 2480 cuius
436 2426 526 2490 luerit,
544 2443 710 2502 cognoscere
721 2444 820 2500 posses,

117 2500 188 2556 bella
200 2510 291 2557 movet
301 2502 425 2575 clypeus,
437 2502 526 2575 deque
538 2506 622 2559 armis
632 2521 707 2559 arma
717 2503 839 2559 seruntur.

116 2578 174 2630 Non
189 2595 218 2632 ca
232 2578 361 2650 Tydides,
374 2595 428 2633 non
438 2579 521 2635 audet
529 2579 623 2636 Oileos
633 2578 714 2644 Aiax,

32 2694 96 2768 ,ι
114 2669 169 2708 nnn
181 2653 272 2710 minor
281 2654 404 2720 Atrides,
415 2672 470 2710 uon
478 2655 552 2711 bello
560 2657 646 2711 maior
656 2665 683 2710 et
692 2674 760 2711 aevo
