1876 3480
171 194 217 244 l98
359 197 385 240 Ρ.
406 195 534 242 ovum
552 194 720 241 NASONIS

168 307 271 355 caetera
282 298 464 369 prospiciunt,
476 303 581 351 tantum
591 313 641 352 sua
654 304 726 352 tecta
737 314 856 352 manere.

166 377 292 445 Dumque
305 391 334 430 ea
346 373 487 436 mirantur,
500 370 566 426 dum
577 368 678 426 deflent
688 370 743 427 leta
753 388 870 438 morum,

166 448 213 505 illa
227 458 314 512 vetus,
326 446 445 502 dominis
456 447 537 501 etiam
548 463 610 502 casa
620 462 706 518 parva
717 446 827 502 duobus

111 536 151 579 lat
167 523 321 579 vertiturin
331 520 480 594 templum:
496 519 586 576 fureas
597 520 709 576 subiere
719 522 868 587 columnae,

169 600 298 655 stramina
309 596 468 661 flavescunt,
480 604 629 669 aurataque
638 604 711 652 tecta
721 597 856 662 videntur,

168 674 341 745 caelataeque
352 671 433 736 fores,
444 672 626 743 adopertaque
636 688 773 728 marmore
781 671 868 730 tellus.

170 750 245 805 Talia
255 757 314 803 tum
325 747 432 820 placido
442 745 586 802 Saturnius
596 745 685 802 edidit
694 763 755 803 ore:

166 826 273 888 ‘Dicite¹
287 825 357 878 iuste
368 838 462 886 senex,
476 820 614 877 ecfemine
624 823 827 896 ooniugeiusto

113 913 152 954 aaa
167 901 260 973 digna,
273 899 341 971 quid
350 897 468 970 optetis?
488 895 558 952 Cum
567 895 686 952 Baucide
695 913 785 968 panea
796 898 896 959 locutae.

170 975 304 1029 iudicium
315 973 428 1045 Superis
439 973 527 1044 aperit
537 988 682 1029 commune
691 972 849 1029 Philemon:
915 1034 918 1039 ,

166 1051 245 1104 ‘Esse
256 1049 418 1112 sacerdotes,
431 1047 601 1120 delubraque
612 1056 703 1103 vestra
712 1050 787 1104 tueri
933 1114 935 1123 Ι

169 1126 323 1197 poscimus:
340 1132 367 1178 et
377 1124 508 1194 quoniam
517 1121 665 1178 concordes
675 1124 787 1196 egimus
796 1140 880 1186 annos,
932 1134 935 1179 l

170 1199 274 1254 auferat
284 1198 348 1253 hora
360 1197 429 1253 duos
439 1197 546 1252 eadem.
570 1198 886 1272 Neeeoniugisunquarn
932 1206 935 1255 :

113 1287 152 1329 rto
168 1276 247 1329 busta
259 1290 335 1327 meae
345 1273 464 1338 videam,
481 1288 536 1328 nau
546 1272 599 1327 aim
609 1272 792 1328 tumulandus
801 1274 835 1330 ab
843 1268 897 1329 ilit’

169 1352 236 1405 Vota
247 1347 314 1402 fides
324 1348 463 1419 sequitur:
476 1347 573 1419 templi
584 1346 768 1414 tutelensem,
808 1412 814 1423 ⁸

168 1426 255 1480 donee
266 1425 321 1478 vita
331 1422 392 1478 data
403 1432 454 1478 est.
484 1422 572 1478 Annis
582 1439 706 1495 aevoque
717 1422 803 1480 soluti
931 1478 935 1489 ,

169 1509 229 1555 ante
240 1498 342 1573 gradus
352 1515 444 1552 saeros
455 1514 542 1568 quum
552 1506 655 1553 starent
664 1496 743 1563 forte,
756 1498 860 1572 locique
931 1526 934 1531 ·

169 1583 308 1630 narrarent
318 1591 408 1638 casus,
422 1572 549 1627 lrondere
558 1573 718 1628 Philemona
726 1574 834 1638 Baucis,

113 1663 152 1703 715
167 1649 285 1704 Baucida
297 1649 441 1720 conspexit
451 1649 543 1702 senior
553 1647 678 1702 frondere
688 1648 842 1704 Philemon.

169 1728 280 1796 lamque
292 1740 376 1795 super
386 1724 512 1797 geminos
522 1732 661 1778 crescente
670 1721 899 1779 eacuminevultas

170 1808 273 1862 mutua,
286 1799 352 1852 dum
364 1799 451 1864 licuit,
464 1796 615 1853 reddebant
624 1797 696 1854 diota
705 1798 847 1872 ‘llaleque¹

171 1893 186 1928 o
197 1873 325 1928 coniuxl'
341 1874 436 1928 dixere
447 1871 541 1936 simul,
552 1873 637 1927 simul
648 1873 740 1929 abdita
751 1877 821 1931 texit

170 1968 215 2003 ora
226 1949 326 2003 frutex.
357 1948 483 2004 Ostendit
493 1948 585 2003 adhue
594 1950 732 2022 Tyane'iua
741 1950 803 2005 illio

114 2037 154 2078 720
169 2024 257 2078 incola
268 2024 301 2078 de
312 2026 422 2096 gemino
434 2024 541 2078 vicinos
552 2040 664 2095 corpore
675 2032 799 2080 truncos.

170 2101 240 2153 llaec
250 2099 319 2152 mihi
329 2116 382 2153 non
391 2100 463 2163 vani,
474 2115 564 2170 neque
575 2107 633 2154 erat
641 2115 692 2152 cur
702 2099 798 2155 fallere
805 2098 899 2157 vellent,
933 2160 935 2167 Ι

170 2191 311 2228 narravere
322 2190 412 2228 senes.
441 2173 577 2245 Equidem
588 2173 736 2244 pendentia
749 2175 808 2231 vidi

172 2257 241 2303 serta
253 2266 336 2319 super
346 2265 445 2314 ramos,
458 2264 619 2320 ponensque
629 2250 750 2306 recentia
761 2251 835 2306 dixi:
932 2242 935 2263 ¹

168 2324 250 2378 ‘Cura
261 2325 301 2395 pii
312 2324 354 2378 dls
366 2333 438 2389 sunt,
452 2332 487 2388 et,
503 2325 552 2395 qui
562 2323 681 2389 coluere,
694 2324 854 2383 coluntur.’a
931 2334 935 2371 ⁴·

116 2411 155 2453 725
207 2401 337 2454 Desierat.
363 2399 536 2470 (iunctosque
546 2407 573 2453 et
583 2415 627 2452 ree
638 2406 665 2454 et
674 2408 901 2458 moveratauetor:
933 2406 935 2439 ³

171 2474 273 2528 Thesea
285 2475 442 2545 praecipue.
471 2472 557 2539 Quem
568 2473 639 2529 faeta
649 2474 747 2530 audire
758 2477 888 2533 volentem

172 2549 239 2602 mira
251 2550 341 2612 deum,
355 2551 438 2604 nixus
448 2549 541 2604 cubito
551 2549 721 2622 Calydonius
732 2553 824 2607 amnia

173 2621 273 2676 talibus
285 2623 448 2696 alloquitur:
461 2624 553 2689 »Sunt
565 2641 581 2678 ο
592 2623 755 2691 fortissime,
767 2642 881 2700 quorum

166 2697 902 2767 formasemelmetaest,etlnneerenevaminemansit
