1876 3480
155 158 206 211 332
347 163 375 207 P.
396 160 524 209 ov1n11
541 160 711 208 Nicoma

154 264 368 337 oppositumque
378 272 475 337 petens
487 271 581 320 contra
594 261 721 319 Zancleia
731 279 798 318 saxa

152 341 287 415 Rhegion,
300 339 456 414 ingreditur
464 339 601 396 ferventes
615 338 740 395 aestibus
750 337 845 402 undas,

154 419 183 472 in
194 415 299 488 quibus
310 423 341 471 ut
351 414 439 472 solida
450 417 528 488 ponit
537 414 656 489 vestigia
667 421 751 478 terra,

98 505 124 546 ao
154 508 318 563 summaque
328 491 450 546 decurrit
459 491 578 564 pedibus
589 506 675 563 super
685 489 894 564 aequorasiccis.

153 568 259 624 Parvus
270 575 327 621 erat
337 584 391 640 gur
410 584 449 631 es,
463 584 563 623 curvos
573 568 702 622 sinuatus
712 566 743 621 in
754 582 842 629 arcus,

153 650 229 717 grata
239 643 319 714 quies
330 584 452 772 chlbe:
469 660 525 715 quo
539 659 569 698 se
578 641 760 698 referebatab
770 649 845 696 aestu

154 728 181 774 et
191 718 275 773 maris
285 725 312 772 et
321 734 370 772 coe
382 719 402 782 i,
414 719 506 774 medio
517 734 604 792 quum
614 716 757 790 plurimus
767 716 832 773 orbe

153 793 194 850 sol
204 801 270 858 erat,
286 801 313 848 et
322 794 452 848 minimas
462 811 478 849 a
488 794 592 849 vertice
601 792 704 849 fecerat
713 792 837 849 umbras.

97 882 122 924 55
152 871 230 925 Hunc
240 869 290 924 dea
301 869 455 941 praevitiat,
467 868 706 942 portentificisque
716 869 833 925 venenis

155 946 296 1019 inquinat:
315 942 361 999 hio
371 961 481 1016 pressos
493 943 588 1001 latices
597 943 692 1000 radios
702 945 813 1000 nonanti

152 1021 266 1094 spargit,
283 1027 309 1075 et
322 1021 472 1075 obscurum
485 1020 632 1076 verborum
642 1019 763 1095 ambage
773 1034 896 1076 novorum

154 1105 194 1152 ter
205 1096 301 1151 novies
312 1113 423 1151 carmen
434 1097 542 1170 magico
553 1095 745 1152 demurmurat
755 1113 812 1152 oro.

151 1170 242 1245 Scylla
252 1171 337 1236 venit,
351 1170 498 1245 mediaque
512 1180 592 1237 tenus
602 1170 786 1228 descenderat
795 1170 864 1235 aiva,

98 1258 123 1302 to
152 1264 239 1318 quum
249 1263 299 1301 sua
311 1245 415 1302 foedari
429 1246 593 1303 latrantibus
603 1247 721 1322 inguina
732 1248 862 1304 monstris

152 1321 280 1394 adspicit.
309 1320 350 1377 Ac
360 1323 450 1394 primo
461 1339 515 1379 non
526 1322 642 1379 credens
656 1324 782 1396 corporis
793 1321 854 1379 illas

152 1415 211 1452 esse
221 1397 266 1452 sui
276 1406 376 1470 partes,
393 1397 551 1473 refugitque
560 1398 706 1472 abigitque
716 1399 850 1472 timetque

151 1490 197 1528 ora
209 1481 335 1544 proterva
345 1491 459 1541 canum;
478 1474 527 1529 sed
537 1489 607 1548 quos
618 1472 702 1548 fugit,
717 1475 831 1531 attrahit
839 1491 896 1537 una,

153 1558 180 1604 et
194 1565 295 1620 corpus
309 1566 445 1621 quaerens
460 1548 596 1606 femorum
607 1566 779 1623 crurumque
789 1549 898 1624 pedum·

669 1642 714 1690 ue,

98 1712 122 1753 aa
152 1699 295 1755 cerbereos
307 1700 393 1756 rictus
403 1717 453 1772 pro
463 1701 589 1772 partibus
600 1641 709 1757 invisit
719 1700 794 1757 iliis:

155 1783 263 1847 statque
277 1792 376 1830 canum
388 1774 488 1840 rabies,
502 1777 683 1849 subiectaque
697 1785 775 1852 terga
787 1776 897 1832 ferarum

152 1849 317 1924 inguinibus
329 1851 434 1905 truncis
447 1860 579 1924 uteroque
590 1859 715 1907 exstante
727 1855 844 1908 coercet.

190 1925 280 1981 Flevit
299 1944 394 1982 amans
416 1927 548 1991 Glaucus,
571 1928 749 2000 nimiumque
771 1927 898 1985 hostiliter

650 2020 717 2059 usae

154 2077 262 2131 viribus
274 2077 422 2132 herbarum
435 2077 506 2152 tugis
516 2079 655 2134 connubia
666 2078 773 2134 Circes.

96 2161 122 2204 tu
152 2151 243 2224 Scylla
259 2151 318 2208 ioco
334 2154 448 2218 mansit,
466 2171 610 2228 quumque
625 2162 667 2209 est
682 2153 746 2211 data
758 2156 836 2229 copia
848 2154 897 2227 pri·

648 2246 726 2284 mum

151 2302 180 2355 in
192 2301 283 2357 Circes
294 2303 389 2357 odium
399 2305 482 2358 sociis
492 2305 623 2375 spoliavit
634 2273 746 2361 Ulixed.

153 2378 215 2431 Mox
226 2377 321 2433 eadem
331 2380 449 2434 Teucras
461 2378 549 2435 iuerat
560 2398 682 2436 mersura
694 2383 815 2447 carinas,

153 2452 181 2505 ni
201 2453 278 2524 prius
295 2454 323 2507 in
339 2453 498 2527 scopulum,
520 2457 569 2528 qui
585 2474 658 2511 nunc
674 2474 788 2531 quoque
806 2475 897 2514 saxeus

649 2541 739 2588 exstat

153 2601 341 2668 transformata
354 2603 432 2659 foret.
453 2576 897 2680 Scopulumquoquedavitavitat.

94 2686 120 2729 75
188 2677 264 2733 Hauc
275 2678 463 2736 ubiTroianae
473 2683 557 2735 remis
567 2682 734 2755 avidamque
747 2684 897 2761 Charybdin
