1876 3480
160 152 210 209 292
349 160 378 206 r.
398 158 527 207 ovum
544 158 717 207 tansorna
796 154 800 163 ·

160 280 221 318 esse
231 270 321 335 potest
330 262 476 318 membris:
494 271 525 319 ut
535 263 572 319 sit
582 280 659 320 coma
671 265 783 338 pectine
793 260 869 327 levia,

104 347 144 393 tro
160 347 191 395 ut
201 339 282 395 modo
293 356 353 395 rore
364 339 458 405 marie,
470 338 551 395 modo
561 356 591 396 se
600 339 713 397 violave
723 356 821 397 rosave

162 415 295 488 implicet.
308 415 447 472 interdum
457 416 583 472 canentia
594 415 654 472 lilia
663 426 764 491 gestet,

160 492 261 564 bisque
272 491 317 547 die
329 492 414 564 lapsis
425 493 578 567 Pagasaeae
589 493 694 555 vertice
704 493 794 551 silvae

160 569 284 624 fontibus
294 586 340 624 ora
354 568 436 635 lavet,
451 568 496 624 bis
507 566 622 625 flumine
632 586 748 643 corpora
760 571 854 645 tingat,

162 662 212 700 nec
224 645 278 700 nisi
289 663 360 717 quae
370 645 494 711 deceant,
508 644 715 719 electarumque
726 646 845 703 ferarum

105 728 144 774 415
160 731 207 779 aut
217 721 342 785 humero,
354 731 402 777 aut
412 722 490 778 lateri
501 721 661 794 praetendat
674 721 778 779 vellera
790 721 871 779 laevo.

160 800 211 854 Par
221 815 297 854 amor
307 806 350 854 est
359 797 431 854 iliis:
448 807 540 854 errant
548 800 578 853 in
591 798 735 855 montibus
746 816 812 863 una,

161 884 236 930 antra
248 873 332 930 simui
343 874 477 944 subeunt3
496 883 523 930 et
533 883 593 930 turn
603 875 750 948 Lapitheia
761 884 832 932 tecta

163 954 295 1007 intrarant
305 952 417 1024 pariter,
431 952 534 1024 pariter
544 951 601 1007 fera
611 951 685 1006 bella
697 951 841 1027 gerebant.

163 1028 264 1082 Auctor
274 1029 304 1083 in
315 1028 420 1083 incerto
431 1035 487 1083 est:
505 1026 628 1084 iaculum
640 1027 674 1082 de
686 1038 765 1101 parte
779 1028 881 1084 sinistra
935 1045 938 1102 1

107 1111 146 1156 teu
164 1106 246 1168 venit,
260 1113 286 1158 et
295 1104 422 1172 inferius,
436 1121 490 1176 qua
501 1102 573 1160 collo
583 1113 693 1177 pectora
705 1104 835 1169 subsunt,

162 1179 278 1252 Cyllare‚
291 1188 317 1234 te
328 1179 398 1235 fixit.
430 1180 518 1236 Parvo
528 1197 575 1236 cor
588 1181 706 1236 vulnere
718 1180 826 1237 laesum

163 1272 275 1326 corpore
285 1273 349 1310 curn
359 1265 414 1312 toto
425 1265 489 1329 post
499 1257 553 1313 tela
564 1257 661 1313 educta
675 1256 799 1314 refrixit.

162 1331 290 1386 Protinus
299 1331 452 1407 Hylonome
464 1334 614 1389 morientes
625 1334 732 1407 excipit
742 1344 829 1400 artus,

164 1408 348 1482 impositaque
359 1426 443 1465 manu
453 1409 557 1465 vulnus
568 1409 652 1475 fovet,
666 1427 774 1485 oraque
785 1410 820 1467 ad
827 1426 869 1466 ora

108 1496 146 1541 425
162 1487 299 1551 admovet,
315 1494 398 1558 atque
408 1487 516 1541 animae
527 1486 647 1561 fugienti
657 1485 797 1543 obsistere
806 1492 890 1543 tennt.

165 1565 199 1618 Ut
208 1563 284 1618 videt
293 1563 470 1627 exstinctum,
483 1561 576 1628 dictis,
589 1579 660 1635 quae
670 1562 779 1619 clamor
788 1562 824 1620 ad
832 1576 899 1619 aneo
908 1600 924 1619 ,.

166 1642 253 1696 arcuit
261 1640 302 1694 ire
312 1656 397 1704 meas,
409 1639 473 1703 telo,
486 1638 561 1711 quod
571 1639 730 1695 inhaeserat
741 1638 798 1706 illi,

165 1716 302 1782 incubuit,
310 1715 904 1789 moriensquesuumoomplexamaritumest.

164 1796 234 1849 Ante
247 1792 342 1848 oculos
356 1801 409 1848 stat
418 1801 445 1847 et
455 1791 503 1848 ille
514 1810 599 1857 meos,
612 1791 662 1865 qui
673 1809 741 1847 sena
757 1791 864 1849 leonum

110 1880 149 1924 tao
167 1872 291 1925 vinxerat
301 1870 372 1925 inter
382 1886 412 1924 se
423 1869 556 1924 connexis
567 1868 669 1924 vellera
682 1868 778 1933 nodis,

164 1944 907 2019 Phaeocomes‚hominemquesimulprotectusequunr·

607 2038 678 2095 que:

167 2100 261 2159 codice
273 2101 322 2174 qui
334 2101 428 2165 misso,
442 2116 525 2171 quem
538 2098 586 2153 vix
596 2099 662 2173 iuga
673 2095 742 2154 bina
755 2102 888 2155 moverent

168 2185 270 2243 iuncta,
283 2176 491 2233 Phonoleniden
501 2194 517 2231 a
528 2190 637 2230 summo
647 2176 755 2231 vertice
768 2172 858 2250 fregit.

167 2260 261 2313 Fracta
274 2251 434 2310 volubilitas
446 2251 546 2324 capitis
558 2249 710 2318 latissima,
723 2269 832 2326 perque
841 2268 869 2306 os

112 2345 151 2388 tuo
168 2351 272 2407 perque
284 2348 365 2386 cavas
376 2346 456 2384 nares
467 2328 618 2401 oculosque
629 2346 772 2402 auresque
783 2327 910 2385 cerebrum

169 2409 251 2465 molle
266 2407 336 2472 fluit,
351 2405 437 2460 veluti
447 2414 605 2460 concretum
616 2405 724 2460 vimine
735 2422 844 2478 querno

169 2485 300 2549 irasciet,
313 2493 379 2539 utve
391 2481 483 2554 liquor
494 2481 548 2536 rari
558 2481 611 2535 sub
622 2482 747 2554 pondere
759 2482 846 2538 cribri

173 2571 263 2617 manat
272 2569 299 2616 et
312 2559 480 2633 exprimitur
490 2575 540 2631 per
550 2556 635 2612 densa
646 2558 786 2615 foramina
798 2559 903 2632 spissus.

171 2640 219 2692 Ast
231 2655 292 2711 ego,
306 2637 372 2690 dum
384 2644 461 2708 parat
472 2635 518 2690 hic
528 2635 612 2689 armis
625 2634 733 2690 nudare
743 2636 884 2691 iacentem.

111 2726 153 2777 tiu
170 2716 235 2795 (scit
248 2726 314 2773 tuus
323 2714 378 2769 boc
390 2710 522 2787 genitori,
535 2709 660 2783 grauium
669 2711 821 2780 spoliantis
834 2712 861 2765 in
872 2709 914 2761 ina
