1876 3480
156 169 207 224 200
345 171 373 216 1³.
393 169 521 219 ovlnn
539 168 708 217 NASONIS

157 275 232 332 haud
242 273 320 330 aliter
330 270 411 328 iluxit
419 271 547 327 discusso
556 272 657 329 cortice
666 272 792 348 sanguis,
851 326 853 330 Α

155 368 238 425 quam
249 349 327 413 solet,
338 356 401 404 ante
411 363 471 402 ares
480 347 579 420 ingens
590 347 639 402 ubi
650 349 765 406 victima
775 357 869 407 taurus

156 425 287 488 concidit,
299 423 414 495 abrupta
424 439 505 477 cruor
514 439 530 477 e
540 423 647 478 cervice
656 423 799 496 profusus.
891 485 894 492 ,

99 516 139 558 too
154 502 329 572 Obstupuere
338 515 447 567 omnes;
466 496 624 570 aliquisque
634 514 671 554 cx
680 499 812 556 omnibus
823 499 894 556 audet

155 578 290 632 deterrere
301 574 388 638 nefas,
400 589 566 645 saevamque
576 573 704 629 inhibere
714 574 870 648 bipennem.

155 647 894 723 Adspicithunc‚‘hientisquepiaecepepraemial’dixit

157 723 891 796 Thessalus‚inquevirumconvertitabarboreferrunr,

155 803 353 871 detruncatque
364 805 459 870 caput3
473 798 643 870 repetitaque
654 799 750 855 robora
760 801 857 865 caedit,

100 891 139 932 tto
155 893 242 950 quum
252 891 336 930 sonus
346 872 457 929 auditur
466 872 557 928 medio
567 873 602 928 de
611 874 706 930 robore
718 874 795 930 talis:

152 949 349 1025 ‘Nymphasub
356 948 408 1004 hoc
417 964 536 1021 egosum
542 947 634 1004 Cereri
641 950 800 1024 gratissima
811 951 889 1026 ligno:

157 1043 228 1099 quae
237 1025 289 1081 tibi
299 1023 432 1080 factorum
442 1036 545 1096 poenae
555 1023 656 1079 instare
666 1032 777 1080 tuorum

157 1100 290 1157 vaticinor
300 1101 429 1164 moriens,
442 1098 528 1154 nostri
538 1098 634 1154 solatia
644 1097 711 1154 leti?

154 1175 332 1247 Persequitur
341 1174 433 1230 scelus
442 1172 784 1249 illesuum,labolactaque
794 1175 893 1231 tandem

101 1265 140 1308 tto
156 1250 259 1307 ictibus
270 1249 423 1305 innumeris
434 1248 606 1321 adductaque
619 1247 735 1305 funibus
746 1249 826 1306 arbor

158 1326 261 1383 corruit
270 1333 297 1380 et
307 1324 422 1380 multam
433 1325 582 1397 prostravit
591 1324 713 1396 pondere
722 1323 834 1381 silvam.

156 1402 291 1457 Attonitae
301 1400 419 1474 dryades
429 1398 529 1454 damno
539 1415 739 1472 nemorumque
748 1416 863 1474 suoque,

156 1493 250 1533 omnes
261 1491 406 1549 germanae
417 1473 543 1530 Cererem
552 1490 617 1529 cum
628 1475 752 1530 vestibus
763 1477 831 1532 atris

157 1559 309 1607 moerentes
341 1550 457 1614 adeunt,
491 1565 664 1622 poenamque
693 1548 896 1624 Erysichthonis

651 1634 739 1681 orant.

103 1714 143 1756 too
158 1701 263 1756 Annuit
274 1700 328 1764 his,
341 1700 497 1772 capitisque
508 1700 552 1754 sui
563 1698 750 1771 pulcherrima
760 1709 837 1756 motu

158 1775 297 1830 concussit
306 1773 430 1848 gravidis
439 1782 564 1829 oneratos
575 1774 713 1831 messibus
723 1792 820 1848 agros:

160 1848 327 1921 moliturque
336 1866 425 1922 genus
435 1866 539 1920 poenae
550 1849 718 1914 miserabile,
731 1851 756 1905 si
768 1867 822 1905 non

158 1926 205 1980 ille
216 1925 277 1979 suis
287 1932 360 1980 esset
369 1922 441 1979 nulli
451 1923 619 1979 miserabilis
629 1925 706 1988 actis,
815 1932 817 1936 ’

158 1999 288 2073 pestilera
300 1999 418 2054 lacerare
429 2000 522 2054 Fame.
552 1997 628 2066 Quae
637 2008 776 2072 quatenus
787 2001 841 2072 ipsi

103 2088 142 2131 785
159 2093 213 2131 non
233 2073 357 2130 adeunda
378 2074 444 2129 deae
459 2083 501 2129 est
520 2073 710 2147 (nequeenim
726 2074 900 2146 Cereremque

655 2151 825 2223 Famemque

162 2226 214 2280 lata
226 2225 298 2280 coire
309 2221 423 2295 sinunt),
436 2224 557 2278 montani
568 2225 691 2280 numinis
702 2242 788 2280 unam

160 2300 262 2355 talibus
272 2306 407 2372 agrestem
418 2297 565 2369 compellat
574 2299 672 2355 oreada
682 2299 781 2355 dictis:

158 2377 219 2429 ‘Est
233 2374 309 2429 locus
320 2374 450 2427 extremis
460 2372 588 2446 Scythiae
601 2373 728 2448 glacialis
738 2377 769 2430 in
780 2377 846 2439 oris,

160 2451 238 2503 triste
248 2446 698 2522 solum,sterilis,sinelruge‚sine
708 2450 807 2506 arbore
817 2448 901 2506 tellus:

106 2535 145 2577 tto
161 2525 260 2596 Frigus
271 2524 354 2587 iners,
367 2521 427 2577 illic
438 2522 562 2578 habitant
570 2523 717 2596 Pallorque
728 2526 893 2598 Tremorque

163 2607 189 2653 et
199 2599 292 2652 ieiuna
302 2598 409 2652 Fames.
438 2598 476 2652 Ea
487 2614 517 2652 se
527 2599 556 2652 in
567 2599 726 2669 praecordia
736 2600 838 2657 condat

160 2671 292 2747 sacrilegi
303 2673 444 2737 scelerata,
456 2672 534 2740 iuhe3
549 2689 600 2728 nec
610 2675 689 2745 copia
700 2691 795 2730 rerum
