1876 3480
163 120 214 175 teo
354 123 382 168 a.
401 123 758 187 0v1n11rrssours.
828 110 832 115 '
883 66 932 111 '⁵¹'

321 241 476 301 LIBER
514 240 755 304 DECIMUS.

165 356 236 420 Inde
245 380 295 437 per
305 366 472 419 immensum
483 380 577 418 croceo
588 362 695 419 velatus
706 364 811 420 amictu
848 380 854 391 ·

166 443 227 497 aera
237 440 401 516 digreditur,
413 439 602 512 Ciconumque
612 440 789 514 Hymenaeus
797 438 833 497 ad
842 458 901 496 orae

165 516 262 582 tendit,
274 525 302 572 et
309 515 419 589 Orphea
429 515 617 588 nequidquam
627 533 696 572 voce
710 525 833 573 vocatur.

165 591 262 649 Adfuit
275 591 324 648 ilie
335 591 462 665 quidem3
481 591 531 647 sed
540 608 592 646 nec
601 589 739 649 sollennia
748 593 844 657 rerba,

109 681 120 723 5
164 687 216 724 neo
226 668 310 724 laetos
319 666 425 733 vultus,
437 685 488 723 nec
497 666 566 723 felix
577 667 668 724 attulit
677 685 770 725 omen.

167 747 224 801 Fax
234 761 354 817 quoque,
362 760 445 816 quam
455 745 552 808 tenuit,
560 742 829 802 lacrimosoetridula
839 742 908 799 fumo
933 794 936 803 .

164 838 254 894 usque
265 820 328 886 fuit,
340 818 488 893 nullosque
497 820 606 875 invenit
614 820 737 876 motibus
746 821 839 896 ignes.

166 898 265 952 Exitus
276 897 401 969 auspicio
409 897 534 971 gravior:
554 913 617 951 nam
627 905 723 969 nupta,
736 914 787 970 per
796 896 893 952 herbas

167 973 234 1028 dum
245 990 315 1029 nova
325 971 454 1029 naiadum
464 972 544 1028 turba
555 973 683 1029 comitata
693 981 821 1048 vagatur,

111 1061 136 1104 10
167 1050 278 1113 occidit,
290 1050 320 1103 in
330 1049 416 1104 talum
425 1049 562 1121 serpentis
572 1047 653 1105 dente
663 1057 787 1122 recepto.

166 1123 908 1198 Onamsatisadsuperaspostquamiihodopei'usaums

168 1199 278 1256 deflevit
287 1206 373 1264 vates,
384 1217 419 1255 ne
430 1218 483 1257 non
493 1208 609 1256 tentaret
618 1209 645 1257 et
653 1201 780 1268 umbras,
937 1227 938 1230 ¹

168 1276 200 1332 ad
212 1276 295 1351 Styga
307 1276 437 1331 Taenaria
446 1285 489 1333 est
500 1293 586 1332 ausus
596 1276 766 1333 descendere
775 1286 868 1351 porta:
937 1293 938 1296 ’

167 1350 909 1427 perquelevespopulossimuiecraqueiunctasepuioro

113 1441 137 1483 15
168 1428 361 1503 Persephonen
372 1428 449 1497 adiit,
464 1429 663 1502 inamoenaque
678 1446 765 1505 regna
777 1438 908 1487 tenennn
932 1483 938 1504 ,,

167 1505 329 1562 umbrarum
339 1503 493 1570 dominum,
500 1503 815 1579 pulsisqueadcarmina
824 1504 907 1563 nervis
928 1534 937 1555 ι

168 1585 209 1636 sic
219 1582 270 1636 ait:
287 1579 323 1637 »0
333 1581 417 1653 positi
427 1581 482 1636 sub
492 1589 562 1637 terra
572 1582 687 1639 numina
697 1581 808 1648 mundi.
925 1602 928 1611 ·

168 1660 197 1712 in
208 1674 291 1730 quem
302 1656 467 1721 decidimus,
480 1657 617 1729 quidquid
629 1657 744 1714 mortale
757 1676 887 1719 creamur,

168 1735 192 1787 si
205 1733 268 1788 licet
279 1742 305 1787 et
316 1731 378 1787 falsi
389 1733 487 1804 positis
498 1732 663 1808 ambagibus
673 1735 731 1789 oris

112 1822 139 1864 m
174 1827 237 1865 vera
247 1809 325 1881 loqui
337 1809 439 1874 amida,
452 1826 506 1864 non
516 1809 581 1874 huc,
593 1819 624 1864 ut
633 1827 717 1882 opaca
729 1809 854 1866 viderem

168 1888 286 1948 Tartara,
299 1884 444 1952 descendi3
458 1902 509 1939 nee
519 1885 560 1940 uti
574 1884 672 1941 villosa
683 1884 809 1941 colubris

169 1972 245 2017 terna
256 1961 395 2016 Medusaei
405 1961 540 2016 vincirem
550 1969 661 2035 guttura
672 1963 802 2018 monstri.

170 2039 271 2094 Caussa
282 2038 343 2092 viae
354 2045 396 2092 est
406 2037 517 2101 coniux,
530 2039 559 2092 in
570 2054 654 2110 quam
664 2037 768 2094 calcata
780 2052 904 2094 venenum

169 2116 264 2187 vipera
274 2111 393 2177 diffudit,
406 2121 616 2186 crescentesque
625 2112 742 2169 abstulit
751 2131 848 2170 annos.

113 2203 139 2245 25
168 2191 251 2246 Posse
262 2191 318 2261 pati
329 2189 415 2253 volui,
428 2205 479 2244 nec
489 2206 533 2244 me
544 2196 663 2244 tentasse
673 2190 793 2264 negabo.

168 2268 242 2322 Vicit
256 2266 348 2320 Amor.
378 2263 482 2336 Supera
496 2262 565 2320 deus
586 2265 631 2320 hic
646 2265 718 2320 bene
733 2274 817 2321 notus
830 2266 858 2320 in
867 2276 901 2317 oo

664 2349 720 2397 est:

169 2435 203 2473 an
215 2419 251 2472 sit
260 2417 347 2481 ethic,
359 2415 470 2485 dubito3
483 2416 532 2472 sed
541 2418 899 2491 ethictamenaugurcrm

172 2495 309 2566 Famaque
320 2493 344 2546 si
358 2493 460 2548 veteris
472 2510 526 2548 non
537 2501 578 2548 est
587 2494 701 2549 mentita
711 2494 834 2566 rapinae.
919 2514 922 2533 =
937 2543 938 2549 ,

173 2586 221 2623 vos
232 2585 343 2641 quoque
353 2570 446 2624 iunxit
456 2586 540 2624 amor.
564 2570 617 2625 Per
626 2586 678 2644 ego
687 2568 757 2624 haec
768 2566 826 2624 loca
837 2565 896 2641 piem

665 2645 785 2710 timoris,
