1876 3480
136 128 171 183 ta
326 130 690 180 r.ov1n11u.esours
754 111 765 117 ”

138 251 209 307 quae
218 249 309 306 neque
322 231 389 288 dant
398 229 522 288 flammas
531 230 643 306 lenique
654 240 748 306 tepore
758 249 884 291 creman-

630 316 684 362 tur.

136 383 223 455 Saepe
236 384 306 438 mori
316 380 414 448 voluit,
426 381 624 454 nequidquam
636 381 690 438 tale
700 382 819 451 videret3

136 475 218 530 saepe
228 456 305 513 velut
317 459 421 513 crimen
432 457 523 531 rigido
533 474 642 512 narrare
654 459 771 530 parenti.

136 535 261 606 Denique
271 535 301 587 iu
312 533 427 589 adverso
438 533 596 588 venientem
606 532 702 589 limine
715 533 788 588 sedit

82 621 121 664 815
138 609 285 665 exclusura
296 608 389 663 deum.
419 608 471 663 Cui
482 605 669 663 blandimenta
680 625 833 681 precesque

138 684 278 756 verbaque
289 683 400 739 iactanti
410 683 572 738 mitissima:
588 683 711 748 »Desine
723 683 809 739 dixit:

138 759 205 815 hino
216 776 267 832 ego
276 776 320 813 me
330 776 385 814 non
395 775 458 813 sum
469 758 524 813 nisi
535 765 561 812 te
570 766 677 813 motura
687 757 825 830 repulso«

138 834 275 890 »Stemus«
287 835 327 890 ait
336 842 443 906 »pacton
453 831 536 889 velox
546 832 689 906 Cyllenius
702 835 796 899 »isto«

138 909 312 982 caelatasque
323 909 394 964 sores
405 909 484 982 virga
494 907 634 980 patefecit.
664 907 700 964 At
712 908 756 964 illi

82 996 122 1040 82⁰
138 1002 252 1060 surgere
262 985 372 1040 conanti
382 993 481 1056 partes,
494 1000 675 1056 quascunque
686 984 808 1040 sedendo

137 1059 284 1124 flectimur,
296 1060 397 1134 ignava
407 1066 549 1130 nequeunt
559 1060 693 1133 gravitate
704 1061 821 1116 moveri⁴

136 1135 187 1192 Illa
200 1135 313 1208 quidem
324 1142 429 1208 pugnat
439 1141 513 1189 recto
522 1150 552 1188 se
562 1131 686 1189 attollere
696 1141 803 1199 trunco,

138 1210 188 1267 sed
197 1227 320 1284 genuum
330 1210 456 1264 iunctura
467 1209 547 1282 riget,
559 1207 705 1283 frigusque
714 1226 764 1281 per
773 1218 849 1266 artus

139 1285 250 1351 labitur,
262 1293 290 1340 et
298 1283 403 1358 pallent
412 1285 514 1340 amisso
523 1285 659 1358 sanguine
669 1301 766 1341 venae.

83 1372 122 1417 825
137 1361 227 1434 thue
237 1360 340 1416 malum
352 1359 405 1416 late
415 1358 484 1415 solet
494 1358 699 1414 immedicabile
710 1376 810 1416 cancer

140 1454 250 1510 serpere
261 1444 288 1492 et
297 1435 407 1491 illaesas
417 1435 522 1491 vitiatis
532 1434 633 1490 addere
643 1443 744 1506 partes,

140 1513 181 1567 sic
192 1510 282 1567 letalis
294 1512 383 1567 hiems
393 1509 527 1584 paulatim
537 1510 567 1564 in
581 1518 690 1582 pectora
704 1511 791 1575 venit,

125 1587 293 1660 ‚vitalesque
306 1589 363 1642 vias
374 1594 401 1641 et
410 1584 590 1657 respiramina
600 1584 710 1640 clausit.

137 1665 194 1718 Neo
203 1671 299 1717 conata
310 1661 386 1732 loqui
397 1668 447 1725 est,
459 1676 520 1724 nec,
532 1660 557 1714 si
567 1668 663 1715 conata
677 1659 784 1724 luisset,

84 1748 123 1792 teo
137 1739 215 1794 vocis
229 1737 341 1792 haberet
351 1737 412 1791 iter.
443 1735 546 1790 Saxum
560 1735 615 1790 iam
625 1734 696 1790 colla
705 1736 825 1800 tenebat,

139 1829 241 1883 oraque
251 1811 402 1867 duruerant
410 1811 580 1885 signumque
590 1828 730 1885 exsangue
739 1810 863 1867 sedebat.

137 1890 194 1943 Nee
204 1887 275 1960 lapis
285 1886 365 1942 albus
376 1895 446 1942 erat:
462 1903 513 1941 sua
522 1902 600 1941 mens
610 1885 743 1942 infecerat
752 1885 840 1941 illam.

177 1965 231 2018 llas
242 1959 449 2018 uhi'verborum
458 1978 560 2033 poenas
571 1962 728 2033 mentisque
739 1960 871 2034 profanae

139 2039 213 2111 cepit
221 2037 401 2102 Atlantiades,
416 2037 503 2092 dictas
517 2054 532 2092 a
544 2036 656 2093 Pallade
666 2045 752 2093 terras

84 2127 123 2170 tto
138 2115 241 2186 linquit
251 2122 278 2168 et
288 2112 444 2187 ingreditur
454 2113 561 2168 iactatis
570 2113 679 2168 aethera
689 2113 801 2184 pennis.

139 2191 255 2246 Sevocat
265 2189 340 2244 hunc
348 2189 465 2264 genitor,
481 2205 532 2242 neo
542 2187 886 2244 caussamfassusamoris:

138 2265 221 2322 »Fide
231 2265 366 2331 minister,
378 2265 424 2328 ait,
437 2264 586 2329 iussorum,
598 2272 670 2328 nate,
685 2280 820 2327 meorum,

141 2339 215 2414 pelle
224 2358 327 2396 moram
338 2340 487 2410 subitoque
500 2339 573 2395 celer
583 2337 711 2394 delabere
721 2355 817 2403 cursu,

141 2432 267 2490 quaeque
278 2425 353 2472 tuam
363 2425 478 2471 matrem
488 2414 571 2472 tellus
584 2433 599 2472 a
614 2423 690 2486 parte
700 2415 812 2469 sinistra

85 2500 125 2547 tlt
140 2493 268 2565 suspicit,
281 2492 428 2566 indigenae
437 2489 569 2546 Sidonida
579 2491 690 2546 nomine
701 2490 806 2554 dicunt,

140 2568 211 2624 hanc
217 2576 293 2640 pete:
305 2567 435 2640 quodque
441 2565 671 2638 prooulmontano
680 2566 806 2639 gramine
811 2563 890 2637 pasci

142 2652 297 2701 armentum
308 2643 400 2718 regale
411 2642 500 2708 vides,
512 2641 547 2698 ad
561 2642 651 2700 littora
664 2649 767 2699 verton
