1876 3480
17 206 20 211 ,
120 151 172 206 202
310 151 338 196 Ρ.
358 150 486 200 ovum
504 150 674 198 Nasonis

66 272 105 316 885
119 272 222 329 oraque
234 272 303 311 vana
314 261 414 320 movet,
426 252 593 326 dentemque
602 252 633 307 in
642 252 845 329 mosangen

123 339 288 403 exercetque
297 329 361 386 cibo
372 327 501 385 delusum
513 336 609 403 gumar
621 329 715 398 inanl3

122 424 228 483 proque
238 405 330 478 epulis
339 414 436 462 tenues
450 404 641 478 nequidquam
654 404 771 462 devolat
781 420 863 462 88888.

123 486 159 541 Ut
168 500 233 539 vcro
243 490 285 538 est
295 480 412 554 expulsa
421 481 513 554 quies,
524 479 593 536 lurit
601 479 684 536 arelor
693 480 807 547 edendi,

122 576 227 634 perque
236 557 333 613 avidas
343 555 437 613 fauces
447 557 639 629 immensaque
648 557 757 613 viscera
768 565 864 632 883888.

68 651 107 694 888
122 640 277 694 Necmora:
295 631 370 706 quod
380 642 491 706 pontus,
506 631 673 720 8888188888,
689 633 767 706 quod
775 633 867 688 educat

620 724 677 773 aer,

123 787 222 862 poscit,
234 793 261 840 et
270 783 405 858 appositis
415 783 541 857 queritur
551 782 656 838 ieiunia
665 784 789 840 mansis:

125 867 210 936 inque
226 861 318 933 epulis
331 858 430 931 epulas
445 859 563 932 quaerit.
596 857 736 932 Quodque
757 860 866 915 urbllam

621 948 684 991 8888

125 1013 255 1089 quodque
265 1012 331 1067 satis
342 1018 447 1083 poterat
457 1008 578 1082 populis,
591 1027 646 1066 nou
656 1010 764 1068 suflicit
773 1012 833 1066 uni:

124 1090 244 1163 plusque
254 1087 341 1158 cupit,
354 1103 410 1158 quo
419 1085 500 1158 plura
508 1101 589 1140 suam
598 1085 721 1143 demittit
729 1087 760 1142 ln
770 1086 866 1143 818888.

69 1179 108 1223 888
123 1166 213 1236 thue
225 1163 326 1218 fretum
336 1162 435 1234 recipit
445 1160 480 1217 de
490 1169 544 1217 tota
554 1158 669 1218 flamina
678 1170 763 1227 88888,

125 1258 176 1298 888
187 1239 301 1294 satiatur
309 1238 399 1309 aquis,
412 1237 630 1311 peregrinosque
640 1237 732 1294 ebibit
740 1254 845 1305 amnes3

125 1325 212 1390 utque
223 1330 309 1386 rapax
318 1313 393 1387 ignls
405 1330 461 1368 uon
472 1329 595 1385 unquam
609 1312 743 1371 alimenta
757 1321 867 1377 raccant

123 1395 338 1463 innumerasque
348 1389 439 1445 trabes
449 1397 560 1454 cremat.
573 1397 600 1444 at
609 1406 666 1463 quo
675 1390 757 1463 copia
768 1391 851 1446 maior

125 1476 167 1524 est
176 1467 248 1531 data,
260 1464 340 1539 plura
350 1465 428 1535 petit,
440 1464 577 1537 turbaque
589 1466 713 1522 voracior
722 1466 787 1538 ipen
795 1473 847 1523 ost:

71 1552 110 1599 alo
125 1545 166 1599 sic
177 1543 273 1615 epulas
283 1557 378 1597 omnes
388 1539 601 1615 Erysichthonis
609 1558 657 1597 ora
666 1541 780 1614 profani

127 1620 276 1691 accipiunt,
288 1625 461 1689 poscuntque
471 1616 567 1671 simul.
588 1616 675 1673 Cibus
684 1619 779 1673 omnia
789 1615 871 1673 inille

127 1713 223 1750 caussa
235 1693 290 1747 cibi
302 1701 351 1757 888,
359 1709 524 1764 semperque
536 1691 649 1747 locusfit
659 1692 869 1749 inanisedendo.

127 1773 238 1841 lamque
249 1768 319 1822 fame
330 1769 432 1839 patrias
442 1767 546 1840 altique
557 1768 689 1842 voragine
701 1771 808 1825 ventris

126 1853 277 1901 attenuarat
286 1860 366 1915 opes;
380 1843 430 1897 sed
439 1845 607 1899 inattenuata
617 1845 748 1902 manebat

72 1930 110 1977 885
125 1932 184 1976 tum
195 1937 305 1993 quoque
316 1919 375 1974 dira
386 1918 482 1983 fames,
497 1918 717 1992 implacataeque
729 1920 840 1996 vigebat

127 1996 235 2052 flamma
245 1993 337 2070 gulae.
350 1994 610 2058 Tandem,demiss0
620 1997 650 2051 in
660 1998 771 2053 viscere
780 2010 871 2059 censu,

128 2073 184 2127 lilia
195 2071 322 2136 restabat,
335 2088 389 2125 non
400 2069 449 2125 illo
459 2070 543 2143 digna
554 2080 677 2142 parente.

127 2151 202 2204 Hanc
217 2164 328 2221 quoque
343 2144 439 2201 vendit
452 2146 543 2218 inops.
577 2148 726 2203 Dominum
745 2162 874 2223 generosa

622 2233 746 2279 recusat:

129 2309 155 2355 88
167 2301 256 2354 vicina
267 2315 331 2352 suas
343 2295 458 2351 tendens
469 2313 553 2368 super
563 2314 682 2370 aequora
692 2296 811 2371 palmas,

73 2387 111 2430 858
123 2375 218 2448 ‘Eripe
229 2391 273 2428 nre
285 2372 406 2437 domino,
420 2372 469 2443 qui
479 2380 572 2444 raptae
582 2375 705 2445 praemia
716 2374 800 2430 nobis

129 2450 296 2523 virginitatis
306 2447 399 2503 habes’
411 2448 459 2503 ait.
489 2449 561 2503 Haec
570 2450 718 2520 Neptunus
729 2450 857 2508 habebat.

127 2525 180 2591 Qui
191 2543 271 2595 prece
283 2542 335 2580 non
345 2532 446 2597 spreta,
454 2525 583 2596 quamvis
593 2525 741 2581 modorisa
750 2526 875 2600 soquemi

128 2609 200 2655 esset
211 2601 285 2664 hero,
305 2600 476 2673 ferulamque
485 2607 577 2664 novat,
592 2599 759 2674 vultumque
769 2601 875 2658 virilem

125 2675 228 2743 induit,
241 2684 267 2732 88
276 2676 368 2744 cultus
379 2677 470 2749 pisces
479 2676 653 2748 cupientibus
664 2683 755 2749 aptos.
