1876 3480
59 642 438 689 METAMORPHOSEON
457 643 525 687 LIB.
546 640 601 689 XV.
657 640 704 691 38⁴

51 761 100 798 sua
112 743 268 817 progenies.
279 743 456 815 Nequeenim
465 741 499 796 de
505 741 628 798 Caesaris
638 746 707 801 actis
722 757 761 800 rao

57 820 147 873 maius
156 835 236 890 opus,
248 835 330 890 quam
338 817 704 889 quodpaterexstitithuius.

50 903 69 948 rt
79 910 228 964 aequoreos
239 892 303 964 plus
314 902 355 947 est
365 893 506 948 domuisse
516 893 669 960 Britannos,

50 987 61 1022 e
72 968 221 1041 papyriferi
233 967 393 1039 septemflua
405 965 517 1022 flumina
528 967 584 1023 Nili

51 1062 85 1097 res
96 1045 187 1116 egisse
198 1052 277 1106 rates,
295 1042 485 1114 Numidasque
497 1042 613 1098 rebelles

50 1119 182 1189 lriumque
193 1118 297 1182 Iubam,
305 1117 544 1190 Mithridateisque
555 1126 706 1175 tumentem
721 1130 761 1174 755

54 1195 116 1248 ibus
129 1194 245 1247 Pontum
257 1192 359 1265 populo
370 1192 504 1247 adiecisse
514 1191 633 1259 Quirini,

55 1279 95 1323 tos
105 1269 250 1333 meruisse,
263 1268 370 1338 aliquos
385 1269 476 1340 egisse
486 1268 651 1339 triumphos,

51 1353 155 1398 tantum
165 1342 412 1415 genuissevirum‘l
422 1359 477 1413 quo
483 1343 609 1414 praeside
615 1361 706 1399 rerum

50 1435 78 1472 ro
88 1420 193 1491 generi,
205 1417 314 1488 Superi,
329 1419 443 1473 cavistis
452 1416 572 1472 abunde.

51 1503 76 1548 et
87 1494 133 1547 hic
145 1493 230 1566 igitur
241 1493 347 1547 mortali
359 1493 464 1547 semine
476 1502 575 1556 cretus,
720 1505 761 1549 tto

52 1587 84 1622 us
95 1567 237 1623 faciendus
248 1578 315 1622 erat.
346 1567 426 1633 Quod
438 1577 467 1622 ut
477 1584 558 1621 aurea
571 1568 640 1624 vidit

51 1661 63 1698 e
74 1645 204 1716 genitrix,
218 1643 288 1698 vidit
299 1660 409 1714 quoque
421 1644 496 1696 triste
511 1643 600 1713 parari

51 1721 80 1773 ici
94 1719 177 1774 letum
188 1726 214 1773 et
224 1718 363 1773 coniurata
374 1735 448 1772 arma
461 1717 579 1786 nmveri3

51 1803 93 1849 tet
107 1795 224 1858 cunctis,
238 1802 267 1848 ut
280 1794 381 1864 cuique
392 1801 449 1846 erat
458 1791 549 1856 obvia,
565 1792 639 1846 divis

51 1869 100 1933 ice,
113 1868 231 1933 dicebat,
247 1876 348 1939 quanta
360 1867 428 1921 mihi
439 1867 510 1922 mole
522 1876 652 1937 parentur
721 1879 761 1923 tta

51 1962 83 2008 re,
98 1953 255 2016 quantaque
268 1950 351 2014 caput
361 1960 423 1997 cum
436 1941 530 1996 fraude
541 1951 656 2011 petatur,

51 2018 75 2073 le
86 2019 220 2073 Dardanio
232 2018 322 2072 solum
333 2017 402 2071 mihi
414 2027 496 2072 restat
509 2014 578 2071 lulo.

51 2116 54 2145 r
65 2111 174 2165 semper
184 2111 230 2148 ero
241 2094 322 2148 iustis
336 2093 454 2147 exercita
465 2089 559 2146 curis‘l

52 2167 132 2224 modo
143 2167 263 2242 Tydidae
275 2167 423 2240 Calydonia
433 2166 559 2221 vulneret
569 2165 655 2230 hasta,

51 2243 112 2299 nale
127 2243 256 2299 defensae
269 2241 438 2297 confundant
448 2242 555 2297 moenia
566 2241 675 2296 Troiae:
721 2253 761 2295 tto

51 2320 147 2373 ideam
159 2328 252 2374 natum
264 2318 354 2391 longis
365 2317 504 2372 erroribus
515 2324 606 2370 aetum

53 2412 107 2466 que
118 2393 185 2449 freto
196 2392 332 2464 sedesque
342 2394 443 2447 intrare
453 2391 594 2454 silentum,

52 2487 86 2522 ue
97 2486 160 2523 cum
171 2470 263 2523 Turno
274 2486 378 2532 oerere,
391 2475 446 2527 aut.
464 2467 489 2520 si
501 2483 563 2520 vera
578 2464 704 2529 fatemur,

52 2561 137 2599 unone
147 2542 254 2616 magis‘l
267 2511 340 2609 &uid
351 2559 424 2597 nunc
434 2542 546 2613 antiqua
557 2538 683 2595 recordor

52 2617 251 2692 rmeigeneris‘?
264 2616 572 2673 Timorhicmeminisse
584 2615 708 2686 priorum
722 2625 761 2668 tlt

52 2697 103 2750 nit:
117 2697 145 2749 in
158 2713 201 2748 me
213 2695 274 2748 acui
285 2692 431 2748 sceleratos
442 2692 554 2746 cernitis
565 2707 655 2744 enses.

52 2771 191 2834 rrohibete,
200 2786 304 2840 precor,
312 2767 475 2838 facinusque
486 2762 624 2836 repellitel
637 2781 707 2820 neve

52 2845 201 2900 sacerdotis
212 2842 334 2898 flammas
347 2842 516 2915 exstinguite
526 2841 647 2895 Vestae«

52 2922 72 2975 ia
83 2920 271 2992 nequidquam
283 2927 337 2972 toto
348 2919 441 2972 Venus
451 2917 532 2971 anxia
546 2914 622 2970 coelo

52 2994 293 3068 lacitSuperosqua
304 3001 408 3048 movet:
422 2993 709 3064 quirumperequam·
723 2999 762 3042 tto

454 3084 537 3138 quam

57 3163 110 3202 non
121 3152 238 3219 possunt
250 3153 373 3200 veterum
384 3141 490 3198 decreta
501 3157 638 3205 sororum,
