1876 3480
127 171 174 224 tao
314 156 682 224 rtovrnrrnasouae'
776 161 828 175 ·’

66 287 105 334 teo
123 278 222 342 luctus,
234 286 285 333 eta
295 275 416 332 lacrimis
427 275 456 330 in
467 291 570 347 poenae
581 290 677 330 versus
686 272 811 333 amorem
820 285 857 334 eet

122 352 213 426 Stipes
223 361 289 416 erat,
302 367 394 423 quem,
407 368 494 424 quum
505 359 599 423 partus
608 351 691 406 enixa
700 351 805 408 iaceret

124 428 258 491 Thestias,
272 428 300 481 in
310 425 447 482 flammam
457 424 581 497 triplices
591 442 709 496 posuere
720 444 843 484 sorores:

113 505 295 575 staminaque
305 503 440 574 impresso
450 499 541 556 fatalia
552 500 654 572 pollice
664 510 763 559 nentes

37 623 47 639 ,
124 581 280 649 »Tempora
292 577 431 642 dixerunt,
446 575 542 631 eadem
553 575 687 651 lignoque
696 578 815 651 tibique,

67 664 105 710 555
120 654 228 711 omodo
238 652 440 717 nate,damus.‹r
449 649 790 724 Quopostquamcarmine
799 654 857 710 alicu

125 745 268 787 excessere
278 727 355 792 deae,
366 726 526 802 flagrantem
536 735 623 783 mater
631 727 666 783 ab
677 729 744 803 igne

122 805 225 878 eripuit
234 819 350 868 ramum,
363 803 518 875 sparsitque
529 801 703 873 liquentibus
713 804 808 860 undis.

122 880 171 937 llle
182 878 231 935 diu
244 877 332 935 fuerat
342 877 530 951 penetralibus
540 876 651 934 abditus
661 880 737 945 imis,

123 964 304 1028 servatusque
314 963 385 1019 tuos,
398 954 518 1018 iuvenis,
530 964 689 1010 servaverat
699 972 797 1011 annos.

66 1040 106 1087 ltu
123 1030 237 1087 Protulit
246 1031 321 1086 bunc
329 1029 617 1105 genitrix‚taedasque
627 1028 797 1106 etfragmina
807 1032 857 1104 poni

123 1108 248 1179 imperat,
262 1114 288 1161 et
299 1106 397 1178 positis
407 1104 535 1160 inimicos
545 1103 673 1161 admovet
682 1107 775 1181 ignes.

123 1183 192 1236 Tum
203 1189 297 1236 conata
309 1189 406 1254 quater
415 1178 532 1235 flammis
543 1181 685 1253 imponere
696 1200 813 1248 ramum,

124 1264 219 1327 coepta
228 1264 325 1327 qnater
334 1257 432 1311 tenuit.
442 1256 569 1330 Pugnant
580 1265 722 1330 materque
728 1272 857 1330 sororque,

125 1340 151 1386 ct
161 1330 270 1386 diversa
281 1330 393 1387 trabunt
403 1348 490 1386 unum
500 1331 555 1386 duo
564 1332 675 1387 nomina
687 1343 795 1404 pectus.

67 1415 106 1463 let
122 1407 208 1478 Saepe
219 1415 294 1462 metu
304 1406 418 1462 sceleris
429 1405 568 1480 pallebant
576 1424 623 1463 ora
633 1405 735 1464 futuri:

124 1500 206 1555 saepe
215 1500 297 1537 suum
308 1480 418 1537 fervens
428 1480 517 1537 oculis
528 1482 610 1538 dabat
619 1483 659 1539 ira
670 1483 809 1541 ruborem.

124 1560 158 1613 Et
168 1557 248 1614 modo
259 1559 352 1613 nescio
361 1557 430 1630 quid
440 1556 663 1636 similis'crudele
674 1560 791 1616 minanti

124 1634 216 1689 vultus
227 1642 293 1698 erat,
304 1632 385 1688 modo
396 1650 480 1705 quem
491 1633 616 1688 misereri
627 1634 741 1690 credere
752 1650 845 1708 posses.

122 1708 269 1780 Quumque
281 1707 355 1763 ierus
367 1708 494 1763 lacrimas
503 1709 589 1763 animi
600 1710 753 1767 siccaverat
762 1710 840 1770 ardor,

67 1792 106 1837 tto
121 1783 333 1839 inveniebantur
345 1782 473 1839 lacrimae
483 1792 584 1839 umen.
616 1784 706 1857 thue
717 1786 815 1849 carina,

124 1877 205 1931 quam
218 1867 326 1924 ventus,
339 1868 476 1931 ventoque
487 1861 559 1931 rapit
567 1860 720 1915 contrarius
732 1870 825 1923 aestus,

125 1936 180 1989 vim
191 1935 330 2008 geminam
341 1935 433 1999 sentit,
445 1943 576 2006 paretque
587 1935 690 1990 incerta
701 1935 820 1992 duobus:

124 2011 248 2065 Thestias
262 2009 337 2064 haud
347 2008 425 2065 aliter
434 2008 530 2064 dubiis
540 2009 683 2065 affectibus
695 2020 775 2077 errat,

122 2102 227 2158 perque
238 2086 313 2140 vices
323 2085 409 2157 ponit,
421 2086 595 2157 positamque
605 2087 753 2143 resuscitat
763 2089 833 2143 iram.

65 2169 105 2215 515
118 2162 219 2232 Incipit
232 2177 292 2216 esse
302 2169 393 2215 tamen
404 2159 502 2215 melior
511 2177 640 2234 germana
650 2172 775 2232 parente,

123 2246 149 2292 et
159 2236 377 2310 consanguineas
388 2243 419 2290 ut
429 2237 563 2309 sanguine
575 2234 659 2291 leniat
669 2237 792 2303 umbras,

123 2313 262 2384 impietate
273 2313 319 2384 pia
330 2320 380 2366 est.
408 2312 477 2365 Nam
489 2319 635 2384 postquam
645 2312 762 2384 pestifer
771 2312 838 2387 ignis

122 2387 275 2443 convaluit:
292 2388 398 2460 »Rogas
409 2386 461 2442 iste
471 2395 573 2442 cremet
583 2404 643 2442 mea
654 2389 776 2447 viscerae
787 2386 857 2442 dixit.

121 2463 209 2534 thue
220 2480 304 2519 manu
314 2463 374 2517 dira
385 2461 492 2536 lignum
502 2461 583 2518 fatale
593 2461 712 2528 tenebat,
774 2526 777 2532 ,

65 2545 104 2591 580
120 2547 181 2593 ante
192 2536 360 2611 sepulcrales
372 2536 471 2593 infelix
483 2538 588 2593 adstitit
598 2556 668 2603 aras,

123 2613 344 2686 »Poenarumque
354 2612 420 2668 deae
432 2614 565 2685 triplices,
578 2612 737 2680 furialibus,
754 2612 847 2687 inquit,

116 2688 297 2755 Eumenides,
311 2690 397 2744 sacris
406 2689 502 2746 uultus
511 2688 645 2744 advertite
658 2699 775 2746 vestros.
