<?xml version="1.0" encoding="UTF-8"?>
<!DOCTYPE html PUBLIC "-//W3C//DTD XHTML 1.0 Transitional//EN"
    "http://www.w3.org/TR/xhtml1/DTD/xhtml1-transitional.dtd">
<html xmlns="http://www.w3.org/1999/xhtml" xml:lang="en" lang="en">
 <head>
  <title>
</title>
<meta http-equiv="Content-Type" content="text/html;charset=utf-8" />
  <meta name='ocr-system' content='tesseract 3.04.00' />
  <meta name='ocr-capabilities' content='ocr_page ocr_carea ocr_par ocr_line ocrx_word'/>
</head>
<body>
  <div class='ocr_page' id='page_1' title='image "./operaomnia02ovidgoog/operaomnia02ovidgoog_0080.png"; bbox 0 0 1876 3480; ppageno 0'>
   <div class='ocr_carea' id='block_1_1' title="bbox 152 139 711 204">
    <p class='ocr_par' dir='ltr' id='par_1_1' title="bbox 152 139 711 204">
     <span class='ocr_line' id='line_1_1' title="bbox 152 139 711 204; baseline 0.002 -1"><span class='ocrx_word' id='word_1_1' title='bbox 152 151 185 204; x_wconf 81' lang='lat'>68</span> <span class='ocrx_word' id='word_1_2' title='bbox 342 154 369 200; x_wconf 81' lang='lat' dir='ltr'>e.</span> <span class='ocrx_word' id='word_1_3' title='bbox 391 139 522 204; x_wconf 81' lang='lat' dir='ltr'>curun</span> <span class='ocrx_word' id='word_1_4' title='bbox 540 157 711 204; x_wconf 81' lang='lat' dir='ltr'>nasonis</span> 
     </span>
    </p>
   </div>
   <div class='ocr_carea' id='block_1_2' title="bbox 96 259 913 2762">
    <p class='ocr_par' dir='ltr' id='par_1_2' title="bbox 152 259 906 333">
     <span class='ocr_line' id='line_1_2' title="bbox 152 259 906 333; baseline 0.007 -21"><span class='ocrx_word' id='word_1_5' title='bbox 152 260 205 313; x_wconf 89' lang='lat' dir='ltr'>Ista</span> <span class='ocrx_word' id='word_1_6' title='bbox 216 275 404 330; x_wconf 83' lang='lat' dir='ltr'>repercussae,</span> <span class='ocrx_word' id='word_1_7' title='bbox 412 276 497 331; x_wconf 84' lang='lat' dir='ltr'>quam</span> <span class='ocrx_word' id='word_1_8' title='bbox 502 259 603 319; x_wconf 80' lang='lat' dir='ltr'>cernis.</span> <span class='ocrx_word' id='word_1_9' title='bbox 611 259 742 333; x_wconf 80' lang='lat' dir='ltr'><strong>imaginis</strong></span> <span class='ocrx_word' id='word_1_10' title='bbox 749 259 849 317; x_wconf 79' lang='lat' dir='ltr'>umbra</span> <span class='ocrx_word' id='word_1_11' title='bbox 855 270 906 317; x_wconf 80' lang='lat' dir='ltr'>est.</span> 
     </span>
    </p>

    <p class='ocr_par' dir='ltr' id='par_1_3' title="bbox 96 334 852 484">
     <span class='ocr_line' id='line_1_3' title="bbox 96 334 852 409; baseline 0.008 -22"><span class='ocrx_word' id='word_1_12' title='bbox 96 341 135 388; x_wconf 78' lang='grc'>435</span> <span class='ocrx_word' id='word_1_13' title='bbox 151 334 197 389; x_wconf 90' lang='lat' dir='ltr'>Nil</span> <span class='ocrx_word' id='word_1_14' title='bbox 209 334 292 389; x_wconf 88' lang='lat' dir='ltr'>habet</span> <span class='ocrx_word' id='word_1_15' title='bbox 302 335 427 390; x_wconf 87' lang='lat' dir='ltr'>istasui:·</span> <span class='ocrx_word' id='word_1_16' title='bbox 442 343 535 390; x_wconf 84' lang='lat' dir='ltr'>tecum</span> <span class='ocrx_word' id='word_1_17' title='bbox 544 335 677 408; x_wconf 79' lang='lat' dir='ltr'>venitque</span> <span class='ocrx_word' id='word_1_18' title='bbox 687 345 852 409; x_wconf 82' lang='lat' dir='ltr'>manetque:</span> 
     </span>
     <span class='ocr_line' id='line_1_4' title="bbox 152 410 732 484; baseline 0.002 -19"><span class='ocrx_word' id='word_1_19' title='bbox 152 419 244 465; x_wconf 88' lang='lat' dir='ltr'>tecum</span> <span class='ocrx_word' id='word_1_20' title='bbox 255 410 390 475; x_wconf 86' lang='lat' dir='ltr'>discedet,</span> <span class='ocrx_word' id='word_1_21' title='bbox 401 412 426 466; x_wconf 89' lang='lat' dir='ltr'>si</span> <span class='ocrx_word' id='word_1_22' title='bbox 436 420 467 466; x_wconf 88' lang='lat' dir='ltr'>tu</span> <span class='ocrx_word' id='word_1_23' title='bbox 477 410 621 466; x_wconf 75' lang='lat' dir='ltr'>discedere</span> <span class='ocrx_word' id='word_1_24' title='bbox 630 412 732 484; x_wconf 82' lang='lat' dir='ltr'>possis.</span> 
     </span>
    </p>

    <p class='ocr_par' dir='ltr' id='par_1_4' title="bbox 152 487 909 711">
     <span class='ocr_line' id='line_1_5' title="bbox 152 487 793 560; baseline 0.002 -18"><span class='ocrx_word' id='word_1_25' title='bbox 152 489 213 542; x_wconf 89' lang='lat' dir='ltr'>Non</span> <span class='ocrx_word' id='word_1_26' title='bbox 224 487 305 541; x_wconf 91' lang='lat' dir='ltr'>illum</span> <span class='ocrx_word' id='word_1_27' title='bbox 316 487 433 552; x_wconf 86' lang='lat' dir='ltr'>Cereris,</span> <span class='ocrx_word' id='word_1_28' title='bbox 448 504 503 542; x_wconf 92' lang='lat' dir='ltr'>non</span> <span class='ocrx_word' id='word_1_29' title='bbox 513 487 597 542; x_wconf 91' lang='lat' dir='ltr'>illum</span> <span class='ocrx_word' id='word_1_30' title='bbox 607 504 674 543; x_wconf 90' lang='lat' dir='ltr'>cura</span> <span class='ocrx_word' id='word_1_31' title='bbox 684 488 793 560; x_wconf 84' lang='lat' dir='ltr'>quietis</span> 
     </span>
     <span class='ocr_line' id='line_1_6' title="bbox 153 562 909 635; baseline 0.005 -18"><span class='ocrx_word' id='word_1_32' title='bbox 153 563 312 618; x_wconf 84' lang='lat' dir='ltr'>abstrahere</span> <span class='ocrx_word' id='word_1_33' title='bbox 326 563 391 618; x_wconf 87' lang='lat' dir='ltr'>inde</span> <span class='ocrx_word' id='word_1_34' title='bbox 402 571 502 635; x_wconf 89' lang='lat' dir='ltr'>potest.</span> <span class='ocrx_word' id='word_1_35' title='bbox 528 562 584 619; x_wconf 86' lang='lat' dir='ltr'>Sed</span> <span class='ocrx_word' id='word_1_36' title='bbox 593 580 680 635; x_wconf 84' lang='lat' dir='ltr'>opaca</span> <span class='ocrx_word' id='word_1_37' title='bbox 689 562 771 619; x_wconf 83' lang='lat' dir='ltr'>fusus</span> <span class='ocrx_word' id='word_1_38' title='bbox 781 565 812 621; x_wconf 91' lang='lat' dir='ltr'>in</span> <span class='ocrx_word' id='word_1_39' title='bbox 822 564 909 622; x_wconf 86' lang='lat' dir='ltr'>herba</span> 
     </span>
     <span class='ocr_line' id='line_1_7' title="bbox 152 638 842 711; baseline 0.003 -17"><span class='ocrx_word' id='word_1_40' title='bbox 152 648 258 710; x_wconf 89' lang='lat' dir='ltr'>spectat</span> <span class='ocrx_word' id='word_1_41' title='bbox 269 639 410 711; x_wconf 83' lang='lat' dir='ltr'>inexpleto</span> <span class='ocrx_word' id='word_1_42' title='bbox 421 638 584 694; x_wconf 79' lang='lat' dir='ltr'>mendacem</span> <span class='ocrx_word' id='word_1_43' title='bbox 594 638 701 694; x_wconf 88' lang='lat' dir='ltr'>lumine</span> <span class='ocrx_word' id='word_1_44' title='bbox 712 639 842 706; x_wconf 81' lang='lat' dir='ltr'>formam,</span> 
     </span>
    </p>

    <p class='ocr_par' dir='ltr' id='par_1_5' title="bbox 97 713 908 1092">
     <span class='ocr_line' id='line_1_8' title="bbox 97 713 908 788; baseline 0.005 -19"><span class='ocrx_word' id='word_1_45' title='bbox 97 721 136 768; x_wconf 85' lang='grc'>440</span> <span class='ocrx_word' id='word_1_46' title='bbox 153 733 258 787; x_wconf 89' lang='lat' dir='ltr'>perque</span> <span class='ocrx_word' id='word_1_47' title='bbox 268 716 364 770; x_wconf 89' lang='lat' dir='ltr'>oculos</span> <span class='ocrx_word' id='word_1_48' title='bbox 371 717 442 787; x_wconf 91' lang='lat' dir='ltr'>perit</span> <span class='ocrx_word' id='word_1_49' title='bbox 448 717 596 787; x_wconf 85' lang='lat' dir='ltr'>ipsesuos:</span> <span class='ocrx_word' id='word_1_50' title='bbox 609 713 908 788; x_wconf 81' lang='lat' dir='ltr'>paulumquelevetus,</span> 
     </span>
     <span class='ocr_line' id='line_1_9' title="bbox 153 791 837 848; baseline 0.003 -2"><span class='ocrx_word' id='word_1_51' title='bbox 153 791 187 846; x_wconf 89' lang='lat' dir='ltr'>ed</span> <span class='ocrx_word' id='word_1_52' title='bbox 199 793 409 846; x_wconf 83' lang='lat' dir='ltr'>circumstantes</span> <span class='ocrx_word' id='word_1_53' title='bbox 420 791 537 846; x_wconf 88' lang='lat' dir='ltr'>tendens</span> <span class='ocrx_word' id='word_1_54' title='bbox 548 808 599 846; x_wconf 89' lang='lat' dir='ltr'>sue</span> <span class='ocrx_word' id='word_1_55' title='bbox 609 791 723 846; x_wconf 87' lang='lat' dir='ltr'>brachia</span> <span class='ocrx_word' id='word_1_56' title='bbox 733 791 837 848; x_wconf 85' lang='lat' dir='ltr'>silvas:</span> 
     </span>
     <span class='ocr_line' id='line_1_10' title="bbox 152 866 845 939; baseline 0.004 -20"><span class='ocrx_word' id='word_1_57' title='bbox 152 868 280 939; x_wconf 73' lang='lat' dir='ltr'>»Ecquis</span> <span class='ocrx_word' id='word_1_58' title='bbox 293 869 320 923; x_wconf 94' lang='lat' dir='ltr'>io</span> <span class='ocrx_word' id='word_1_59' title='bbox 331 867 428 931; x_wconf 86' lang='lat' dir='ltr'>silvae,</span> <span class='ocrx_word' id='word_1_60' title='bbox 441 866 593 931; x_wconf 89' lang='lat' dir='ltr'>crudelius,</span> <span class='ocrx_word' id='word_1_61' title='bbox 605 867 707 938; x_wconf 87' lang='lat' dir='ltr'>inquit,</span> <span class='ocrx_word' id='word_1_62' title='bbox 720 867 845 924; x_wconf 79' lang='lat' dir='ltr'>amavit‘i</span> 
     </span>
     <span class='ocr_line' id='line_1_11' title="bbox 152 942 867 1014; baseline 0.003 -16"><span class='ocrx_word' id='word_1_63' title='bbox 152 943 235 999; x_wconf 91' lang='lat' dir='ltr'>Scitis</span> <span class='ocrx_word' id='word_1_64' title='bbox 246 944 321 998; x_wconf 87' lang='lat' dir='ltr'>enim</span> <span class='ocrx_word' id='word_1_65' title='bbox 333 952 361 998; x_wconf 89' lang='lat' dir='ltr'>et</span> <span class='ocrx_word' id='word_1_66' title='bbox 369 944 466 998; x_wconf 89' lang='lat' dir='ltr'>multis</span> <span class='ocrx_word' id='word_1_67' title='bbox 477 942 582 999; x_wconf 85' lang='lat' dir='ltr'>latebra</span> <span class='ocrx_word' id='word_1_68' title='bbox 592 951 748 1014; x_wconf 87' lang='lat' dir='ltr'>opportuna</span> <span class='ocrx_word' id='word_1_69' title='bbox 760 942 867 1001; x_wconf 84' lang='lat' dir='ltr'>fuistis.</span> 
     </span>
     <span class='ocr_line' id='line_1_12' title="bbox 154 1019 900 1092; baseline 0.004 -18"><span class='ocrx_word' id='word_1_70' title='bbox 154 1021 287 1091; x_wconf 83' lang='lat' dir='ltr'>Ecquem,</span> <span class='ocrx_word' id='word_1_71' title='bbox 301 1036 389 1091; x_wconf 92' lang='lat' dir='ltr'>quum</span> <span class='ocrx_word' id='word_1_72' title='bbox 400 1027 508 1074; x_wconf 87' lang='lat' dir='ltr'>vestrae</span> <span class='ocrx_word' id='word_1_73' title='bbox 519 1027 558 1075; x_wconf 90' lang='lat' dir='ltr'>tot</span> <span class='ocrx_word' id='word_1_74' title='bbox 567 1027 685 1092; x_wconf 80' lang='lat' dir='ltr'>agantur</span> <span class='ocrx_word' id='word_1_75' title='bbox 694 1019 806 1075; x_wconf 84' lang='lat' dir='ltr'>saecule</span> <span class='ocrx_word' id='word_1_76' title='bbox 818 1022 900 1087; x_wconf 88' lang='lat' dir='ltr'>vitae,</span> 
     </span>
    </p>

    <p class='ocr_par' dir='ltr' id='par_1_6' title="bbox 98 1095 912 1397">
     <span class='ocr_line' id='line_1_13' title="bbox 98 1095 813 1169; baseline 0.003 -22"><span class='ocrx_word' id='word_1_77' title='bbox 98 1101 138 1148; x_wconf 88' lang='grc'>445</span> <span class='ocrx_word' id='word_1_78' title='bbox 153 1097 202 1167; x_wconf 92' lang='lat' dir='ltr'>qui</span> <span class='ocrx_word' id='word_1_79' title='bbox 213 1097 255 1150; x_wconf 92' lang='lat' dir='ltr'>sic</span> <span class='ocrx_word' id='word_1_80' title='bbox 265 1095 395 1160; x_wconf 87' lang='lat' dir='ltr'>tabuerit,</span> <span class='ocrx_word' id='word_1_81' title='bbox 407 1095 490 1169; x_wconf 85' lang='lat' dir='ltr'>longo</span> <span class='ocrx_word' id='word_1_82' title='bbox 501 1095 671 1150; x_wconf 83' lang='lat' dir='ltr'>meministis</span> <span class='ocrx_word' id='word_1_83' title='bbox 684 1095 714 1149; x_wconf 93' lang='lat' dir='ltr'>in</span> <span class='ocrx_word' id='word_1_84' title='bbox 722 1095 813 1151; x_wconf 82' lang='lat' dir='ltr'>eevo‘i</span> 
     </span>
     <span class='ocr_line' id='line_1_14' title="bbox 152 1169 911 1245; baseline 0.005 -20"><span class='ocrx_word' id='word_1_85' title='bbox 152 1172 187 1225; x_wconf 93' lang='lat' dir='ltr'>Et</span> <span class='ocrx_word' id='word_1_86' title='bbox 197 1172 296 1243; x_wconf 86' lang='lat' dir='ltr'>placet,</span> <span class='ocrx_word' id='word_1_87' title='bbox 310 1179 337 1226; x_wconf 90' lang='lat' dir='ltr'>et</span> <span class='ocrx_word' id='word_1_88' title='bbox 345 1171 438 1226; x_wconf 86' lang='lat' dir='ltr'>video.</span> <span class='ocrx_word' id='word_1_89' title='bbox 453 1169 510 1226; x_wconf 89' lang='lat' dir='ltr'>Sed</span> <span class='ocrx_word' id='word_1_90' title='bbox 520 1171 598 1243; x_wconf 91' lang='lat' dir='ltr'>quod</span> <span class='ocrx_word' id='word_1_91' title='bbox 607 1169 744 1242; x_wconf 85' lang='lat' dir='ltr'>videoque</span> <span class='ocrx_word' id='word_1_92' title='bbox 750 1171 911 1245; x_wconf 78' lang='lat' dir='ltr'>placetque,</span> 
     </span>
     <span class='ocr_line' id='line_1_15' title="bbox 154 1248 892 1304; baseline 0.004 -3"><span class='ocrx_word' id='word_1_93' title='bbox 154 1257 310 1303; x_wconf 90' lang='lat' dir='ltr'>nontamen</span> <span class='ocrx_word' id='word_1_94' title='bbox 321 1248 448 1302; x_wconf 91' lang='lat' dir='ltr'>invenio:</span> <span class='ocrx_word' id='word_1_95' title='bbox 464 1255 557 1302; x_wconf 90' lang='lat' dir='ltr'>tantus</span> <span class='ocrx_word' id='word_1_96' title='bbox 568 1254 642 1302; x_wconf 86' lang='lat' dir='ltr'>tenet</span> <span class='ocrx_word' id='word_1_97' title='bbox 655 1262 732 1301; x_wconf 89' lang='lat' dir='ltr'>error</span> <span class='ocrx_word' id='word_1_98' title='bbox 740 1256 892 1304; x_wconf 85' lang='lat' dir='ltr'>amantem.</span> 
     </span>
     <span class='ocr_line' id='line_1_16' title="bbox 154 1321 912 1397; baseline 0.004 -19"><span class='ocrx_word' id='word_1_99' title='bbox 154 1321 270 1397; x_wconf 86' lang='lat' dir='ltr'>Quoque</span> <span class='ocrx_word' id='word_1_100' title='bbox 281 1324 371 1396; x_wconf 86' lang='lat' dir='ltr'>magis</span> <span class='ocrx_word' id='word_1_101' title='bbox 382 1322 505 1388; x_wconf 88' lang='lat' dir='ltr'>doleam,</span> <span class='ocrx_word' id='word_1_102' title='bbox 522 1340 574 1378; x_wconf 92' lang='lat' dir='ltr'>nec</span> <span class='ocrx_word' id='word_1_103' title='bbox 588 1339 638 1378; x_wconf 86' lang='lat' dir='ltr'>nos</span> <span class='ocrx_word' id='word_1_104' title='bbox 653 1339 729 1377; x_wconf 90' lang='lat' dir='ltr'>mare</span> <span class='ocrx_word' id='word_1_105' title='bbox 744 1324 912 1396; x_wconf 83' lang='lat' dir='ltr'>separatiu-</span> 
     </span>
    </p>

    <p class='ocr_par' dir='ltr' id='par_1_7' title="bbox 154 1415 872 1547">
     <span class='ocr_line' id='line_1_17' title="bbox 652 1415 732 1472; baseline 0 -20"><span class='ocrx_word' id='word_1_106' title='bbox 652 1415 732 1472; x_wconf 82' lang='lat' dir='ltr'>gens,</span> 
     </span>
     <span class='ocr_line' id='line_1_18' title="bbox 154 1472 872 1547; baseline -0.001 -17"><span class='ocrx_word' id='word_1_107' title='bbox 154 1493 205 1531; x_wconf 90' lang='lat' dir='ltr'>nec</span> <span class='ocrx_word' id='word_1_108' title='bbox 216 1476 270 1542; x_wconf 92' lang='lat' dir='ltr'>via,</span> <span class='ocrx_word' id='word_1_109' title='bbox 283 1493 335 1531; x_wconf 93' lang='lat' dir='ltr'>nec</span> <span class='ocrx_word' id='word_1_110' title='bbox 345 1483 463 1540; x_wconf 90' lang='lat' dir='ltr'>montes,</span> <span class='ocrx_word' id='word_1_111' title='bbox 476 1491 527 1529; x_wconf 91' lang='lat' dir='ltr'>nec</span> <span class='ocrx_word' id='word_1_112' title='bbox 537 1472 642 1529; x_wconf 87' lang='lat' dir='ltr'>clausis</span> <span class='ocrx_word' id='word_1_113' title='bbox 652 1473 761 1531; x_wconf 88' lang='lat' dir='ltr'>moenia</span> <span class='ocrx_word' id='word_1_114' title='bbox 772 1476 872 1547; x_wconf 83' lang='lat' dir='ltr'>portis.</span> 
     </span>
    </p>

    <p class='ocr_par' dir='ltr' id='par_1_8' title="bbox 98 1549 911 1774">
     <span class='ocr_line' id='line_1_19' title="bbox 98 1549 843 1625; baseline 0.001 -19"><span class='ocrx_word' id='word_1_115' title='bbox 98 1559 138 1606; x_wconf 86' lang='grc'>450</span> <span class='ocrx_word' id='word_1_116' title='bbox 153 1553 262 1625; x_wconf 85' lang='lat' dir='ltr'>Exigua</span> <span class='ocrx_word' id='word_1_117' title='bbox 273 1552 454 1624; x_wconf 88' lang='lat' dir='ltr'>prohibemur</span> <span class='ocrx_word' id='word_1_118' title='bbox 465 1568 546 1622; x_wconf 85' lang='lat' dir='ltr'>aqua.</span> <span class='ocrx_word' id='word_1_119' title='bbox 577 1549 662 1621; x_wconf 85' lang='lat' dir='ltr'>Cupit</span> <span class='ocrx_word' id='word_1_120' title='bbox 671 1550 732 1621; x_wconf 89' lang='lat' dir='ltr'>ipse</span> <span class='ocrx_word' id='word_1_121' title='bbox 742 1553 843 1607; x_wconf 85' lang='lat' dir='ltr'>teneri.</span> 
     </span>
     <span class='ocr_line' id='line_1_20' title="bbox 153 1625 911 1701; baseline 0.003 -19"><span class='ocrx_word' id='word_1_122' title='bbox 153 1630 222 1682; x_wconf 91' lang='lat' dir='ltr'>Nam</span> <span class='ocrx_word' id='word_1_123' title='bbox 234 1629 342 1699; x_wconf 86' lang='lat' dir='ltr'>quoties</span> <span class='ocrx_word' id='word_1_124' title='bbox 354 1627 471 1699; x_wconf 89' lang='lat' dir='ltr'>liquidis</span> <span class='ocrx_word' id='word_1_125' title='bbox 482 1627 657 1698; x_wconf 85' lang='lat' dir='ltr'>porreximus</span> <span class='ocrx_word' id='word_1_126' title='bbox 667 1625 764 1682; x_wconf 89' lang='lat' dir='ltr'>oscula</span> <span class='ocrx_word' id='word_1_127' title='bbox 774 1627 911 1701; x_wconf 79' lang='lat' dir='ltr'>lymphis,</span> 
     </span>
     <span class='ocr_line' id='line_1_21' title="bbox 156 1702 713 1774; baseline -0.002 -18"><span class='ocrx_word' id='word_1_128' title='bbox 156 1704 202 1757; x_wconf 90' lang='lat' dir='ltr'>hio</span> <span class='ocrx_word' id='word_1_129' title='bbox 213 1705 293 1758; x_wconf 90' lang='lat' dir='ltr'>toties</span> <span class='ocrx_word' id='word_1_130' title='bbox 304 1702 338 1758; x_wconf 88' lang='lat' dir='ltr'>ad</span> <span class='ocrx_word' id='word_1_131' title='bbox 349 1720 393 1756; x_wconf 92' lang='lat' dir='ltr'>me</span> <span class='ocrx_word' id='word_1_132' title='bbox 405 1703 536 1774; x_wconf 89' lang='lat' dir='ltr'>resupino</span> <span class='ocrx_word' id='word_1_133' title='bbox 547 1702 646 1757; x_wconf 89' lang='lat' dir='ltr'>nititur</span> <span class='ocrx_word' id='word_1_134' title='bbox 655 1718 713 1757; x_wconf 85' lang='lat' dir='ltr'>ore.</span> 
     </span>
    </p>

    <p class='ocr_par' dir='ltr' id='par_1_9' title="bbox 154 1777 913 2001">
     <span class='ocr_line' id='line_1_22' title="bbox 155 1777 912 1908; baseline 0.005 -76"><span class='ocrx_word' id='word_1_135' title='bbox 155 1780 239 1834; x_wconf 88' lang='lat' dir='ltr'>Posse</span> <span class='ocrx_word' id='word_1_136' title='bbox 253 1788 334 1850; x_wconf 89' lang='lat' dir='ltr'>putes</span> <span class='ocrx_word' id='word_1_137' title='bbox 345 1779 435 1852; x_wconf 86' lang='lat' dir='ltr'>tangi:</span> <span class='ocrx_word' id='word_1_138' title='bbox 449 1778 597 1832; x_wconf 90' lang='lat' dir='ltr'>minimum</span> <span class='ocrx_word' id='word_1_139' title='bbox 607 1786 659 1842; x_wconf 88' lang='lat' dir='ltr'>est,</span> <span class='ocrx_word' id='word_1_140' title='bbox 671 1777 912 1908; x_wconf 71' lang='lat' dir='ltr'>quodammtihus</span> 
     </span>
     <span class='ocr_line' id='line_1_23' title="bbox 655 1862 757 1910; baseline -0.01 -2"><span class='ocrx_word' id='word_1_141' title='bbox 655 1870 671 1908; x_wconf 96' lang='lat' dir='ltr'>o</span> <span class='ocrx_word' id='word_1_142' title='bbox 693 1862 757 1910; x_wconf 88' lang='lat' dir='ltr'>stat.</span> 
     </span>
     <span class='ocr_line' id='line_1_24' title="bbox 154 1927 913 2001; baseline 0.001 -19"><span class='ocrx_word' id='word_1_143' title='bbox 154 1929 290 2000; x_wconf 86' lang='lat' dir='ltr'>Quisquis</span> <span class='ocrx_word' id='word_1_144' title='bbox 302 1946 341 1992; x_wconf 92' lang='lat' dir='ltr'>es,</span> <span class='ocrx_word' id='word_1_145' title='bbox 355 1929 410 1984; x_wconf 92' lang='lat' dir='ltr'>huc</span> <span class='ocrx_word' id='word_1_146' title='bbox 420 1930 479 1984; x_wconf 86' lang='lat' dir='ltr'>exil</span> <span class='ocrx_word' id='word_1_147' title='bbox 494 1929 563 2001; x_wconf 91' lang='lat' dir='ltr'>quid</span> <span class='ocrx_word' id='word_1_148' title='bbox 574 1945 628 1993; x_wconf 87' lang='lat' dir='ltr'>me,</span> <span class='ocrx_word' id='word_1_149' title='bbox 637 1945 706 2001; x_wconf 89' lang='lat' dir='ltr'>puer</span> <span class='ocrx_word' id='word_1_150' title='bbox 717 1930 810 1994; x_wconf 92' lang='lat' dir='ltr'>unice,</span> <span class='ocrx_word' id='word_1_151' title='bbox 819 1927 913 1987; x_wconf 78' lang='grc'>4411104</span> 
     </span>
    </p>

    <p class='ocr_par' dir='ltr' id='par_1_10' title="bbox 100 2003 912 2155">
     <span class='ocr_line' id='line_1_25' title="bbox 100 2003 855 2077; baseline 0.001 -16"><span class='ocrx_word' id='word_1_152' title='bbox 100 2014 140 2061; x_wconf 91' lang='grc'>455</span> <span class='ocrx_word' id='word_1_153' title='bbox 155 2023 246 2077; x_wconf 85' lang='lat' dir='ltr'>quove</span> <span class='ocrx_word' id='word_1_154' title='bbox 257 2006 360 2077; x_wconf 91' lang='lat' dir='ltr'>petitus</span> <span class='ocrx_word' id='word_1_155' title='bbox 371 2003 451 2060; x_wconf 86' lang='lat' dir='ltr'>ahis‘l</span> <span class='ocrx_word' id='word_1_156' title='bbox 468 2004 546 2060; x_wconf 87' lang='lat' dir='ltr'>Certe</span> <span class='ocrx_word' id='word_1_157' title='bbox 558 2022 609 2060; x_wconf 91' lang='lat' dir='ltr'>nec</span> <span class='ocrx_word' id='word_1_158' title='bbox 620 2004 707 2060; x_wconf 87' lang='lat' dir='ltr'>lorma</span> <span class='ocrx_word' id='word_1_159' title='bbox 719 2021 771 2061; x_wconf 91' lang='lat' dir='ltr'>nec</span> <span class='ocrx_word' id='word_1_160' title='bbox 780 2015 855 2062; x_wconf 84' lang='lat' dir='ltr'>actes</span> 
     </span>
     <span class='ocr_line' id='line_1_26' title="bbox 156 2079 912 2155; baseline 0 -18"><span class='ocrx_word' id='word_1_161' title='bbox 156 2091 198 2137; x_wconf 91' lang='lat' dir='ltr'>est</span> <span class='ocrx_word' id='word_1_162' title='bbox 218 2099 292 2144; x_wconf 89' lang='lat' dir='ltr'>mea,</span> <span class='ocrx_word' id='word_1_163' title='bbox 316 2098 399 2152; x_wconf 89' lang='lat' dir='ltr'>quam</span> <span class='ocrx_word' id='word_1_164' title='bbox 415 2079 521 2154; x_wconf 75' lang='lat' dir='ltr'>fugias,</span> <span class='ocrx_word' id='word_1_165' title='bbox 547 2090 573 2135; x_wconf 91' lang='lat' dir='ltr'>et</span> <span class='ocrx_word' id='word_1_166' title='bbox 588 2089 716 2137; x_wconf 89' lang='lat' dir='ltr'>amarunt</span> <span class='ocrx_word' id='word_1_167' title='bbox 733 2098 780 2137; x_wconf 90' lang='lat' dir='ltr'>me</span> <span class='ocrx_word' id='word_1_168' title='bbox 799 2098 912 2155; x_wconf 87' lang='lat' dir='ltr'>quoque</span> 
     </span>
    </p>

    <p class='ocr_par' dir='ltr' id='par_1_11' title="bbox 156 2156 911 2457">
     <span class='ocr_line' id='line_1_27' title="bbox 612 2156 808 2230; baseline 0.005 -19"><span class='ocrx_word' id='word_1_169' title='bbox 612 2209 617 2218; x_wconf 86' lang='grc'><strong>,</strong></span> <span class='ocrx_word' id='word_1_170' title='bbox 656 2156 808 2230; x_wconf 86' lang='lat' dir='ltr'>nymphae.</span> 
     </span>
     <span class='ocr_line' id='line_1_28' title="bbox 156 2231 878 2306; baseline -0.008 -17"><span class='ocrx_word' id='word_1_171' title='bbox 156 2234 239 2306; x_wconf 86' lang='lat' dir='ltr'>Spem</span> <span class='ocrx_word' id='word_1_172' title='bbox 251 2233 320 2288; x_wconf 90' lang='lat' dir='ltr'>mihi</span> <span class='ocrx_word' id='word_1_173' title='bbox 332 2232 425 2288; x_wconf 88' lang='lat' dir='ltr'>nescio</span> <span class='ocrx_word' id='word_1_174' title='bbox 437 2249 520 2304; x_wconf 93' lang='lat' dir='ltr'>quam</span> <span class='ocrx_word' id='word_1_175' title='bbox 533 2231 611 2287; x_wconf 91' lang='lat' dir='ltr'>vultu</span> <span class='ocrx_word' id='word_1_176' title='bbox 623 2234 763 2304; x_wconf 85' lang='lat' dir='ltr'>promittis</span> <span class='ocrx_word' id='word_1_177' title='bbox 773 2234 878 2289; x_wconf 86' lang='lat' dir='ltr'>amico:</span> 
     </span>
     <span class='ocr_line' id='line_1_29' title="bbox 159 2308 910 2384; baseline 0.001 -21"><span class='ocrx_word' id='word_1_178' title='bbox 159 2327 302 2381; x_wconf 92' lang='lat' dir='ltr'>quumque</span> <span class='ocrx_word' id='word_1_179' title='bbox 313 2326 364 2383; x_wconf 82' lang='lat' dir='ltr'>ego</span> <span class='ocrx_word' id='word_1_180' title='bbox 374 2309 486 2380; x_wconf 84' lang='lat' dir='ltr'>porrexi</span> <span class='ocrx_word' id='word_1_181' title='bbox 496 2308 548 2363; x_wconf 89' lang='lat' dir='ltr'>tibi</span> <span class='ocrx_word' id='word_1_182' title='bbox 559 2308 682 2373; x_wconf 85' lang='lat' dir='ltr'>brachia,</span> <span class='ocrx_word' id='word_1_183' title='bbox 690 2309 813 2384; x_wconf 78' lang='lat' dir='ltr'>porrigis</span> <span class='ocrx_word' id='word_1_184' title='bbox 823 2309 910 2365; x_wconf 85' lang='lat' dir='ltr'>ultro:</span> 
     </span>
     <span class='ocr_line' id='line_1_30' title="bbox 158 2384 911 2457; baseline 0.003 -18"><span class='ocrx_word' id='word_1_185' title='bbox 158 2386 311 2456; x_wconf 88' lang='lat' dir='ltr'>quumrisi,</span> <span class='ocrx_word' id='word_1_186' title='bbox 319 2384 434 2440; x_wconf 88' lang='lat' dir='ltr'>arrides.</span> <span class='ocrx_word' id='word_1_187' title='bbox 454 2385 594 2440; x_wconf 80' lang='lat' dir='ltr'>Lacrimas</span> <span class='ocrx_word' id='word_1_188' title='bbox 605 2400 807 2457; x_wconf 84' lang='lat' dir='ltr'>quoquesaepe</span> <span class='ocrx_word' id='word_1_189' title='bbox 819 2384 911 2441; x_wconf 81' lang='grc'>4404444</span> 
     </span>
    </p>

    <p class='ocr_par' dir='ltr' id='par_1_12' title="bbox 102 2460 909 2762">
     <span class='ocr_line' id='line_1_31' title="bbox 102 2460 909 2533; baseline 0 -18"><span class='ocrx_word' id='word_1_190' title='bbox 102 2469 142 2516; x_wconf 88' lang='grc'>450</span> <span class='ocrx_word' id='word_1_191' title='bbox 158 2478 200 2514; x_wconf 92' lang='lat' dir='ltr'>me</span> <span class='ocrx_word' id='word_1_192' title='bbox 213 2461 372 2516; x_wconf 88' lang='lat' dir='ltr'>lacrimante</span> <span class='ocrx_word' id='word_1_193' title='bbox 383 2470 459 2528; x_wconf 80' lang='lat' dir='ltr'>tues3</span> <span class='ocrx_word' id='word_1_194' title='bbox 481 2469 551 2514; x_wconf 88' lang='lat' dir='ltr'>nutu</span> <span class='ocrx_word' id='word_1_195' title='bbox 562 2477 674 2531; x_wconf 90' lang='lat' dir='ltr'>quoque</span> <span class='ocrx_word' id='word_1_196' title='bbox 684 2460 767 2533; x_wconf 82' lang='lat' dir='ltr'>signa</span> <span class='ocrx_word' id='word_1_197' title='bbox 776 2461 909 2516; x_wconf 80' lang='lat' dir='ltr'>remittis:</span> 
     </span>
     <span class='ocr_line' id='line_1_32' title="bbox 157 2535 764 2606; baseline 0.002 -17"><span class='ocrx_word' id='word_1_198' title='bbox 157 2547 193 2599; x_wconf 86' lang='lat' dir='ltr'>et,</span> <span class='ocrx_word' id='word_1_199' title='bbox 206 2545 340 2606; x_wconf 88' lang='lat' dir='ltr'>quantum</span> <span class='ocrx_word' id='word_1_200' title='bbox 350 2545 426 2591; x_wconf 91' lang='lat' dir='ltr'>motu</span> <span class='ocrx_word' id='word_1_201' title='bbox 437 2535 549 2591; x_wconf 80' lang='lat' dir='ltr'>formosi</span> <span class='ocrx_word' id='word_1_202' title='bbox 560 2535 688 2606; x_wconf 88' lang='lat' dir='ltr'>suspicor</span> <span class='ocrx_word' id='word_1_203' title='bbox 697 2536 764 2599; x_wconf 92' lang='lat' dir='ltr'>oris,</span> 
     </span>
     <span class='ocr_line' id='line_1_33' title="bbox 160 2611 842 2682; baseline 0.001 -18"><span class='ocrx_word' id='word_1_204' title='bbox 160 2611 243 2665; x_wconf 90' lang='lat' dir='ltr'>verba</span> <span class='ocrx_word' id='word_1_205' title='bbox 254 2611 348 2675; x_wconf 83' lang='lat' dir='ltr'>refers,</span> <span class='ocrx_word' id='word_1_206' title='bbox 361 2629 441 2666; x_wconf 87' lang='lat' dir='ltr'>aures</span> <span class='ocrx_word' id='word_1_207' title='bbox 455 2628 510 2666; x_wconf 89' lang='lat' dir='ltr'>non</span> <span class='ocrx_word' id='word_1_208' title='bbox 521 2611 710 2682; x_wconf 87' lang='lat' dir='ltr'>pervenientia</span> <span class='ocrx_word' id='word_1_209' title='bbox 723 2621 842 2667; x_wconf 88' lang='lat' dir='ltr'>nostras.</span> 
     </span>
     <span class='ocr_line' id='line_1_34' title="bbox 156 2685 853 2762; baseline 0.003 -21"><span class='ocrx_word' id='word_1_210' title='bbox 156 2689 212 2742; x_wconf 90' lang='lat' dir='ltr'>lste</span> <span class='ocrx_word' id='word_1_211' title='bbox 223 2704 274 2761; x_wconf 78' lang='lat' dir='ltr'>ego</span> <span class='ocrx_word' id='word_1_212' title='bbox 284 2704 347 2742; x_wconf 89' lang='lat' dir='ltr'>sum</span> <span class='ocrx_word' id='word_1_213' title='bbox 354 2705 361 2758; x_wconf 78' lang='lat'>3</span> <span class='ocrx_word' id='word_1_214' title='bbox 375 2688 464 2742; x_wconf 88' lang='lat' dir='ltr'>sensi:</span> <span class='ocrx_word' id='word_1_215' title='bbox 478 2703 529 2741; x_wconf 91' lang='lat' dir='ltr'>nec</span> <span class='ocrx_word' id='word_1_216' title='bbox 539 2704 584 2740; x_wconf 90' lang='lat' dir='ltr'>me</span> <span class='ocrx_word' id='word_1_217' title='bbox 595 2704 656 2742; x_wconf 91' lang='lat' dir='ltr'>mea</span> <span class='ocrx_word' id='word_1_218' title='bbox 667 2685 739 2742; x_wconf 90' lang='grc'>441144</span> <span class='ocrx_word' id='word_1_219' title='bbox 749 2687 853 2762; x_wconf 80' lang='lat' dir='ltr'>imago.</span> 
     </span>
    </p>
   </div>
   <div class='ocr_carea' id='block_1_3' title="bbox 0 0 948 3480">
    <p class='ocr_par' dir='ltr' id='par_1_13' title="bbox 0 0 948 3480">
     <span class='ocr_line' id='line_1_35' title="bbox 0 0 948 3480; baseline 0 0"><span class='ocrx_word' id='word_1_220' title='bbox 0 0 948 3480; x_wconf 95' lang='lat' dir='ltr'> </span> 
     </span>
    </p>
   </div>
  </div>
 </body>
</html>
