1876 3480
124 172 172 228 ⁴28
314 177 342 222 P.
363 174 492 224 ovlnn
509 175 680 224 Nasoms

120 280 271 352 mirarique
285 277 361 334 deos.
395 277 493 351 Operis
504 277 620 335 victoria
631 272 707 335 finis.

121 358 157 414 Ut
167 364 258 412 tamen
268 353 405 428 exemplis
415 353 553 429 intelligat
563 353 673 411 aemula
686 355 788 424 laudis,

122 432 197 506 quod
208 432 329 505 pretium
339 437 431 504 speret
440 447 491 503 pro
501 437 558 486 tam
569 430 721 487 furialibus
731 435 820 501 ausis,

67 522 92 565 85
120 516 249 582 quattuor
259 508 288 562 in
302 515 394 580 partes
404 507 554 562 certamina
565 515 696 580 quattuor
706 508 785 565 addit

123 585 196 641 clara
207 583 298 639 colore
308 600 368 649 suo,
381 582 515 638 brevibus
525 581 656 639 distincta
667 583 783 659 sigillis.

122 659 278 718 Threiciam
287 658 440 731 Rhodopen
451 658 535 715 habet
549 657 671 734 angulus
683 677 758 717 unus
772 662 835 719 00110

622 752 699 801 mon,

124 830 199 869 nunc
209 810 317 887 gelidos
327 818 442 874 montes,
452 809 577 866 mortalia
587 826 703 883 corpora
713 813 835 885 quondar

122 889 237 957 numina
251 903 423 942 summorum
433 885 488 941 sibi
500 886 549 958 qui
560 885 684 942 tribuere
693 887 820 944 deorum.

68 978 94 1021 00
123 965 215 1021 Altera
225 964 378 1038 Pygmaeae
389 961 476 1018 fatum
487 961 646 1018 miserabile
657 964 755 1020 matris

123 1059 187 1115 pars
200 1038 294 1095 habet.
327 1039 403 1095 lianc
413 1039 482 1093 Iuno
492 1038 575 1094 iussit
584 1041 735 1096 certamine
746 1041 835 1097 victan

125 1132 186 1172 esse
196 1132 304 1189 gruem,
316 1114 485 1188 populisque
496 1115 557 1170 suis
567 1113 691 1171 indicere
702 1115 820 1173 bellum.

124 1192 219 1247 Pinxit
228 1198 255 1246 et
264 1189 421 1266 Antigonen
432 1207 528 1246 ausam
538 1191 705 1247 contendere
715 1192 835 1266 quondar

126 1283 190 1324 cum
200 1266 295 1342 magni
305 1277 431 1324 consorte
444 1266 532 1322 lovis:
548 1283 632 1339 quam
643 1268 720 1342 regia
730 1269 800 1325 luno

69 1357 95 1401 00
124 1346 154 1401 in
165 1341 307 1398 volucrem
317 1343 414 1398 vertit:
432 1360 483 1397 uec
492 1341 598 1415 profuit
606 1341 676 1399 llion
688 1342 742 1409 illi,

126 1417 316 1477 Laomedonve
326 1428 412 1491 pater,
429 1418 529 1474 sumtis
541 1419 610 1492 quin
621 1419 739 1477 candide
750 1421 836 1495 penui

126 1498 188 1570 ipsa
198 1495 239 1552 ibi
249 1494 363 1568 plaudat
373 1495 524 1567 crepitante
533 1495 640 1550 ciconia
649 1503 748 1552 rostro.

125 1572 179 1640 Qui
190 1578 317 1644 superest
327 1569 403 1627 solus
409 1570 528 1646 Cinyran
539 1569 623 1626 habet
632 1570 755 1646 angulus
764 1572 834 1629 orbu

127 1650 208 1721 isque
218 1646 321 1722 gradus
330 1646 438 1720 templi,
451 1654 577 1703 natarum
588 1647 712 1703 membra
722 1665 835 1705 suarum

72 1737 111 1780 000
126 1722 296 1796 amplectens
310 1740 432 1796 saxoque
441 1724 535 1778 iacens
546 1723 691 1780 lacrimare
702 1723 822 1784 videtur.

129 1799 233 1856 Circuit
244 1806 380 1854 extremas
391 1798 460 1855 oleis
470 1798 615 1872 pacalibus
625 1818 698 1855 oras.

128 1877 154 1931 ls
164 1874 263 1930 modus
277 1882 327 1941 est,
340 1876 488 1949 operisque
499 1893 549 1931 sua
560 1874 626 1931 facit
636 1875 733 1932 arbore
750 1875 835 1933 finem.

165 1951 287 2008 Maeonis
302 1950 409 2007 elusam
419 1951 547 2026 designat
556 1951 679 2026 imagine
689 1953 764 2008 tauri

126 2029 264 2100 Europen.
294 2026 398 2083 Verum
407 2035 531 2092 taurum,
547 2027 615 2083 freta
625 2045 691 2084 vera
701 2036 821 2101 putares.

74 2117 112 2160 005
127 2106 189 2178 lpsa
202 2102 347 2159 videbatur
356 2111 442 2158 terras
453 2112 577 2177 spectare
587 2103 699 2159 relictas

128 2188 154 2236 et
165 2180 279 2235 comites
289 2179 407 2235 clamare
419 2196 493 2245 suas,
507 2187 666 2253 tactumque
678 2181 768 2236 vereri

80 2308 83 2313 ⁴
129 2257 279 2312 assilientis
289 2272 386 2328 aquae,
399 2255 567 2328 timidasque
581 2255 714 2313 reducere
725 2255 835 2329 plantas.

129 2333 206 2388 Fecit
214 2341 241 2387 et
250 2331 375 2388 Asterien
386 2330 480 2404 aquila
491 2331 611 2387 luctante
621 2334 724 2388 teneri:

130 2406 196 2463 fecit
204 2407 319 2464 olorinis
331 2408 433 2464 Ledam
443 2407 576 2463 recubare
587 2407 641 2463 sub
651 2407 719 2464 alis:

75 2492 114 2537 11⁰
128 2482 244 2549 addidit,
262 2493 293 2539 ut
302 2483 393 2559 Satyri
403 2482 508 2539 celatus
518 2484 642 2558 imagine
652 2483 797 2556 pulchram

131 2558 255 2631 luppiter
265 2559 388 2632 implerit
398 2560 511 2636 gemino
520 2559 655 2634 Nycteida
665 2558 749 2625 foetu,

131 2633 313 2709 Amphitryon
324 2635 416 2698 fuerit,
429 2653 516 2708 quum
526 2643 562 2701 te,
574 2636 729 2710 Tirynthia,
742 2636 819 2709 cepit.

128 2726 232 2766 aureus
243 2718 273 2767 00
280 2712 402 2779 Danaen,
414 2710 538 2786 Asopida
546 2710 646 2768 luserit
655 2712 742 2786 ignis,
