1876 3480
141 157 192 211 326
333 159 360 205 P.
381 157 509 207 ovum
527 157 698 205 uaeome

139 263 236 319 inveni
244 262 381 336 geminos,
397 260 447 333 qui
456 267 549 316 tecum
563 258 660 319 ludere
669 261 787 334 possint.

83 351 122 395 535
138 340 209 395 inter
218 355 247 394 se
257 337 374 402 similos,
389 337 440 392 ele
449 345 482 392 ut
489 336 653 410 dignoscere
662 339 765 409 poscis,

139 415 256 471 villosae
267 412 372 470 5515155
382 412 542 467 in'eummie
552 410 696 468 montibus
704 428 802 469 creec:

138 491 244 554 inveni,
257 498 284 544 ee
294 489 368 544 dixi:
383 485 530 544 “Dominae
536 487 714 544 servabimus
722 486 819 545 istos?

140 568 197 622 iarn
209 565 289 621 modo
299 562 426 620 caeruleo
435 562 556 619 nitidum
566 571 650 636 capue
662 578 763 620 exsero
772 572 863 637 penu,

141 643 206 706 iam,
218 640 340 703 (1515155,
352 636 426 704 veni,
439 652 491 694 nec
504 648 619 694 munera
629 637 746 712 despice
759 648 860 697 555555.

85 725 124 772 elo
138 718 216 774 Certe
227 729 278 791 ego
287 730 333 770 me
343 716 418 779 novi,
435 711 616 787 liquidaeque
623 715 653 769 in
664 715 856 790 imagineridi

143 810 232 864 nuper
241 807 344 865 equee:
356 789 518 864 placuitque
527 790 600 845 mihi
609 804 671 846 mee
681 789 889 848 lormavidenei.

141 869 272 941 Adspice,
284 868 338 922 eim
349 874 479 939 quarem.
498 865 558 921 Non
569 865 674 922 5551555
684 880 802 939 corpore
809 869 892 923 nuicr

139 944 264 1016 Iuppiter
273 944 303 998 in
313 942 404 999 coelo:
419 957 483 997 nem
494 955 544 997 voe
555 955 666 997 narrare
676 942 775 998 soletis

140 1019 328 1092 nescioquem
339 1034 455 1093 regnare
462 1017 565 1072 lovem.
587 1017 893 1091 Corneplurirneeervce

85 1102 124 1150 515
138 1096 277 1169 prominet
285 1095 314 1150 in
324 1094 433 1157 vultus,
450 1093 684 1224 humerosquebut
698 1091 782 1150 lucus
796 1095 892 1152 obun-

654 1176 706 1224 ret.

143 1248 200 1303 Nec
210 1262 270 1301 mee
282 1243 356 1318 quod
367 1243 446 1300 duris
456 1243 568 1300 horrent
576 1240 747 1301 densissime
760 1247 829 1301 setis

42 1381 52 1397 f
142 1339 264 1395 corpore.
276 1329 357 1393 turpe
366 1328 444 1393 puta.
459 1321 562 1392 Turpis
570 1320 633 1375 eiua
642 1318 793 1377 frondibus
801 1320 892 1377 arbor:

140 1398 231 1471 turpis
242 1410 345 1470 equus,
361 1396 418 1452 niel
428 1394 499 1452 colle
509 1395 592 1451 iubae
603 1392 732 1452 florentie
743 1397 846 1453 velent.

140 1473 238 1529 Pluma
247 1473 316 1548 tegit
326 1470 468 1528 volueras:
488 1470 725 1529 ovibueeuelene
735 1472 830 1528 decori
841 1480 891 1527 ese:

87 1561 126 1604 555
141 1550 226 1605 barbe
236 1549 312 1605 viros
322 1548 467 1621 hirtaeque
476 1547 575 1603 decent
584 1547 615 1601 in
625 1560 740 1620 corpore
752 1557 837 1604 eetee.

143 1627 235 1681 Unum
246 1633 287 1680 est
299 1625 328 1678 in
339 1623 430 1678 media
442 1623 535 1678 lumen
546 1621 726 1688 mihicrede,
738 1623 788 1679 sed
798 1627 882 1678 instar

144 1702 267 1773 ingentis
278 1699 381 1773 clypei.
410 1698 502 1764 Quid‘?
512 1714 567 1752 non
578 1699 646 1753 heec
655 1701 750 1754 omnia
761 1716 860 1773 magno

144 1778 185 1832 sol
197 1776 295 1831 videte
306 1773 401 1830 ccelo‘l
415 1773 472 1828 Soli
483 1782 572 1829 tamen
583 1775 685 1830 unicus
696 1775 785 1830 orbis.

142 1852 230 1916 Adde,
244 1850 318 1922 quod
329 1852 571 1924 invenerogenioor
580 1859 891 1924 mensesquoreregnal.

88 1940 127 1982 555
143 1930 221 1984 Η555
241 1926 293 1982 tibi
308 1927 344 1982 do
358 1940 494 1981 socerum.
536 1927 653 1983 Tantum
667 1927 815 1991 miserere,
838 1942 893 1998 pre-

639 2016 746 2074 coequo

144 2078 282 2152 supplicis
293 2077 410 2133 exaudi:
427 2077 479 2132 tibi
490 2079 564 2131 enirn
576 2076 791 2133 succumbimus
801 2079 860 2133 uni.

144 2155 255 2227 Quique
273 2155 366 2210 lovem
387 2161 414 2208 55
433 2152 541 2208 coelum
561 2165 662 2224 sperno
682 2162 711 2208 et
730 2152 894 2225 penetrabile

643 2228 763 2295 dulmen,

146 2307 237 2371 Nerei,
250 2314 277 2360 te
288 2320 397 2360 vereor:
416 2312 461 2359 tua
476 2302 595 2360 fulmine
605 2306 715 2361 5555155
725 2306 767 2360 ire
778 2314 830 2360 ese.

145 2381 235 2454 Atque
247 2396 299 2455 ego
309 2389 462 2435 contemtus
474 2394 563 2435 essem
575 2381 724 2452 patientior
733 2381 831 2445 huius,

89 2467 129 2510 555
144 2458 169 2510 si
183 2457 293 2531 lugeres
306 2472 414 2511 ornnes.
441 2455 495 2509 Sed
505 2470 556 2510 cur
565 2454 685 2530 Cyclope
693 2455 810 2528 repulso

144 2533 214 2586 Acin
226 2546 311 2597 amas,
322 2531 500 2604 praefersque
513 2532 583 2587 meis
593 2530 773 2604 amplexibus
784 2530 870 2586 Acin?

145 2606 295 2662 1115555555
307 2607 546 2680 51555555555151,
560 2607 724 2681 placeatque
734 2606 839 2670 licebit,

141 2684 219 2760 quod
230 2682 563 2753 5511555,(1515155,5151·.
577 2682 657 2738 inodo
667 2685 747 2755 copie
759 2683 851 2738 detur!
