1876 3480
140 157 188 209 l84
318 160 345 206 P.
366 161 497 207 OVIDII
515 154 685 208 NASONIS
702 174 705 179 '

137 281 186 318 uec
197 261 261 316 iacit
272 260 299 316 in
311 263 395 316 ramis
405 260 515 333 altoque
525 262 670 317 cacumine
680 260 774 332 nidos}
806 240 809 248 ¹

134 348 244 410 propter
255 336 493 401 humum-volitat,
509 334 642 409 ponitque
654 339 684 393 in
694 338 806 411 sepibus
813 354 863 405 ort,

134 415 297 486 antiquique
308 430 413 468 memor
422 413 520 466 metuit
533 412 666 469 sublimia
677 430 769 469 casus.

76 501 117 543 ito
169 490 280 561 Iamque
292 488 436 562 fatigatum
447 487 529 543 tellus
538 487 657 544 Aetnaea
668 489 779 546 tenebat

129 563 276 629 Daedalon,
292 574 319 620 et
328 564 427 619 sumtis
438 581 487 636 pro
497 564 625 635 supplice
634 564 754 620 Cocalus
763 566 839 621 arula

132 642 207 694 mitis
218 640 379 696 habebatur.
412 640 467 693 lam
479 639 655 695 lamentabile
668 638 791 697 Athenae

131 715 250 787 pendere
261 716 398 770 desierant
408 714 512 769 Thesea
527 712 607 768 laude
619 714 768 785 tributum.

132 791 244 864 Templa
256 799 427 855 coronantur,
439 788 665 862 bellatricemque
678 790 826 849 urrerem

74 877 112 921 lte
129 884 192 922 cum
205 869 268 921 love
279 866 378 938 disque
390 873 487 920 vocant
497 864 570 928 aliis,
587 882 658 938 quos
668 867 863 940 sanguinetoto

130 943 347 1013 muneribusque
357 939 428 995 datis
439 949 466 995 et
476 941 581 995 acervis
594 941 665 995 turis
677 941 816 998 honorant.

129 1017 269 1089 Sparserat
278 1015 421 1090 Argolicas
432 1033 532 1078 nomen
544 1033 611 1090 vaga
623 1014 695 1073 fama
706 1034 757 1089 per
767 1014 840 1073 urbe

130 1093 259 1156 Theseos,
272 1101 299 1147 et
310 1091 417 1164 populi,
433 1108 502 1163 quos
513 1090 592 1146 dives
602 1089 705 1147 hcha'r'a
717 1092 799 1166 cepit,

128 1169 212 1222 huius
223 1185 304 1239 opem
314 1168 423 1240 magnis
434 1167 617 1240 imploravere
627 1166 753 1239 periclis.

71 1253 110 1297 270
126 1243 214 1298 Huius
225 1242 443 1316 opemCalydon,
456 1239 859 1317 quamvisMeleagronhaberet,

127 1317 245 1373 sollicita
256 1316 377 1389 supplex
387 1319 467 1390 petiit
476 1335 567 1390 prece.
602 1317 705 1374 Caussa
717 1316 823 1390 petendi

128 1402 252 1458 suaerat,
266 1393 382 1449 infestae
393 1393 514 1449 famulus
526 1392 806 1465 vindexqueDianae.

127 1470 218 1525 Oenea
228 1486 348 1542 namque
360 1468 451 1525 ierunt
463 1468 540 1542 pleni
551 1468 730 1524 successibus
740 1470 804 1526 anui

126 1546 263 1616 primitias
275 1545 386 1618 frugum
397 1544 498 1610 Cereri,
516 1562 565 1599 sua
577 1545 640 1599 vina
650 1545 751 1619 Lyaeo,

69 1632 109 1673 itt
124 1619 260 1674 Palladios
270 1618 355 1674 flavae
367 1620 460 1674 latices
475 1619 577 1674 libasse
587 1620 738 1675 Minervae.

126 1695 244 1765 Coeptus
255 1696 289 1749 ab
300 1695 429 1768 agricolis
438 1694 557 1766 Superos
569 1695 696 1767 pervenit
706 1694 742 1749 ad
751 1710 838 1750 omues

126 1770 288 1824 ambitiosus
299 1769 399 1825 honor:
414 1770 486 1825 solas
497 1771 557 1824 sine
568 1777 628 1824 ture
638 1768 751 1824 relictas

125 1846 285 1916 praeteritae
296 1862 420 1900 cessasse
430 1845 522 1900 ferunt
532 1844 658 1900 latoidos
668 1862 740 1900 aras.

126 1920 224 1993 Tangit
234 1930 260 1975 et
270 1920 309 1975 ira
321 1919 396 1975 deos.
427 1920 476 1975 »At
487 1938 540 1975 non
551 1921 664 1991 impune
675 1919 805 1984 feremutr,

68 2007 107 2050 280
123 2013 249 2067 quaeque
260 1996 446 2060 inhonoratae,
458 2013 513 2050 non
524 2005 551 2050 et
560 1995 686 2050 dicemur
696 1995 813 2051 inultaer

125 2072 223 2144 inquit,
237 2080 263 2125 et
273 2071 379 2126 Oeneos
390 2070 507 2125 ultorem
521 2079 610 2144 spreta
622 2087 671 2140 per
682 2088 764 2144 agros

123 2148 199 2201 misit
209 2164 316 2220 aprum,
329 2155 431 2218 quanto
442 2148 558 2201 maiores
569 2144 684 2199 herbida
695 2153 788 2200 tauros

121 2239 177 2275 non
193 2222 387 2293 hahetEpiros‚
400 2219 448 2275 sed
459 2220 729 2275 habentSioulaarva
741 2222 862 2275 minores.

123 2293 861 2370 Sanguineetignemicautoculi‚rigethorridacervix,

66 2381 105 2424 285
121 2380 147 2424 et
157 2381 230 2426 setae
240 2371 346 2426 similes
357 2368 451 2425 densis
465 2370 613 2427 hastilibus
624 2370 736 2425 horrent

125 2444 261 2519 [stantque
273 2446 348 2502 velut
359 2447 474 2512 vallum,
487 2445 564 2501 velut
574 2445 627 2500 alta
637 2445 749 2500 hastilia
761 2440 852 2517 setae}

121 2521 237 2577 Fervida
248 2540 312 2576 cum
322 2539 404 2577 rauco
417 2521 485 2576 latos
499 2520 613 2576 stridore
625 2537 675 2592 per
685 2537 777 2575 armos

120 2612 218 2665 spuma
228 2594 301 2652 tluit:
319 2597 415 2652 dentes
425 2604 577 2669 aequantur
587 2595 717 2650 dentibus
731 2594 818 2649 Indis.

124 2669 238 2723 Fulmen
251 2671 286 2726 ab
295 2687 343 2727 ore
352 2673 437 2738 venit,
453 2671 563 2728 frondes
573 2669 712 2726 afflatibus
723 2670 829 2726 ardent.
