1876 3480
68 210 71 215 -
144 145 200 226 tta
331 134 767 229 u.ovinur'aas'oaisssx

139 281 210 336 Dum
220 278 304 343 volat,
315 284 442 333 arserunt
450 277 546 350 agitati
557 275 655 332 lortius
666 277 758 352 ignes.

141 358 198 412 Nec
209 355 287 428 prius
297 354 365 411 aerii
374 370 473 408 cursus
484 354 640 427 suppressit
650 353 783 420 habenas,

87 445 125 489 :at
140 450 223 505 quam
234 430 367 488 Ciconum
377 429 466 486 tenuit
474 429 592 502 populos
602 439 630 485 et
638 429 748 486 moenia
757 437 859 504 raptor.

139 507 202 565 illie
214 516 241 563 et
250 505 337 582 gelidi
348 507 453 562 coniux
460 505 559 562 Actaea
570 508 690 580 tyranni,

84 632 91 645 ,
142 595 169 640 et
177 587 300 660 gemtrix
310 580 380 643 iacta
390 591 440 648 cst,
448 591 599 656 partusque
610 583 695 654 enixa·
702 580 848 656 gemellos,

140 670 245 717 caetera
256 661 306 732 qui
316 660 421 724 matris,
434 675 540 731 pennas
548 659 683 733 genitoris
694 659 847 715 habebant

141 740 201 794 Non
215 736 362 796 tamenhas
373 753 426 791 una
438 744 590 792 memorant
599 751 663 791 cum
673 751 788 808 corpore
800 744 887 792 name:

85 826 125 870 715
142 814 282 886 barbaque
292 812 360 869 dum
371 810 463 868 rutilis
473 810 566 868 aberat
575 812 717 886 submissa
727 811 849 884 capillis,

142 888 292 964 implumes
303 888 449 961 Calaisque
459 905 528 960 puer
537 889 671 962 Zetesque
683 887 806 944 luerunt.

19 980 31 997 ·‘
140 969 204 1023 Mox
213 967 317 1039 pariter
326 966 381 1021 ritu
392 981 499 1037 pennae
509 981 623 1038 coepere
633 963 781 1021 volucrum
837 988 840 992 ·

141 1045 252 1118 cingere
263 1050 412 1114 utrumque
422 1039 504 1106 latus,
521 1042 624 1114 puriter
633 1039 783 1098 flavescere
794 1041 887 1098 malae.

142 1120 215 1194 Ergo
225 1118 275 1176 ubi
284 1119 422 1174 concessit
432 1126 542 1190 tempus
552 1116 660 1191 puerile
670 1118 812 1183 iuventae,
853 1129 856 1132 ’

25 1191 28 1198 ’
87 1209 127 1252 ³2⁰
142 1195 244 1253 vellera
254 1211 319 1257 cum
329 1195 431 1269 Minyis
442 1193 531 1252 nitido
540 1194 674 1250 radiantia
687 1194 755 1251 villo

143 1290 193 1345 per
202 1288 277 1328 mare
286 1288 341 1327 non
351 1280 448 1327 notum
457 1271 547 1351 prima
557 1271 662 1345 petiere
674 1271 767 1326 carina

272 1447 427 1509 LIBER
467 1446 743 1508 SEPTIMUS.

141 1563 258 1644 lamque
268 1569 369 1626 fretum
378 1569 488 1645 Minyae
497 1570 634 1644 Pagasaea
644 1586 739 1642 puppe
752 1570 886 1626 secabant,

143 1656 330 1721 perpetuaque
341 1645 452 1702 trahens
462 1647 574 1720 inopem
584 1645 638 1702 sub
648 1654 726 1702 nocte
736 1656 875 1703 senectam

145 1725 222 1779 visus
232 1731 289 1779 erat
300 1723 439 1791 Phineus:
454 1724 627 1795 iuvenesque
637 1720 776 1794 Aquilone
787 1723 870 1779 creati

145 1802 188 1854 vir
207 1801 284 1855 ineas
295 1798 423 1855 volucres
436 1799 533 1856 miseri
543 1799 619 1855 senis
630 1814 676 1854 ore
687 1797 831 1873 fugarant:

88 1890 99 1930 5
143 1818 285 1949 multaque
295 1876 420 1949 perpessi
430 1875 503 1932 clam
514 1876 568 1931 sub
578 1877 673 1931 iasone
683 1875 797 1931 tandem

144 1953 315 2027 contigerant
325 1952 435 2024 rapidas
446 1951 539 2010 limosi
548 1950 682 2008 Phasidos
692 1950 794 2008 undas.

142 2030 268 2102 Dumque
289 2027 392 2084 adeunt
408 2045 502 2103 regem
517 2027 699 2103 Phryxeaquc
720 2028 826 2086 vellera
845 2045 892 2101 pc-

638 2112 720 2160 scunt
813 2116 822 2124 ·

143 2179 891 2255 lexquedaturllliuyismagnorumhorrendalaborum,

142 2258 263 2330 concipit
273 2256 378 2313 interea
389 2254 496 2312 validos
509 2256 618 2313 Aeetias
629 2258 725 2332 ignes:

88 2346 114 2390 lu
147 2343 174 2390 et
184 2333 284 2389 luctata
296 2332 355 2398 diu,
367 2341 514 2406 postquam
524 2333 629 2389 ratione
641 2333 763 2389 fumrem

144 2411 254 2465 vincere
266 2427 319 2465 non
331 2417 449 2483 poterat:
467 2411 603 2474 »Frustra
620 2408 724 2475 Medea,
737 2426 891 2486 repugnem

142 2487 309 2560 nescioquis
321 2486 389 2541 deus
399 2484 503 2551 obstat,
515 2486 567 2544 ait:
588 2487 762 2561 mirumque,
774 2489 832 2543 nisi
842 2488 895 2544 hoc

640 2570 691 2629 cst,

142 2647 190 2696 aut
199 2637 307 2711 aliquid
312 2649 385 2696 certe
394 2638 487 2695 simile
498 2638 574 2706 huic,
581 2639 657 2712 quod
666 2657 758 2697 amare
769 2649 893 2697 vocatur.

133 2713 897 2803 Namcuriussapatrisnimiummiliiduiarideuturi
