1876 3480
20 263 22 265 .
121 187 154 242 00
308 178 710 240 uovmnunsouis.

120 294 289 366 admisitque
299 293 375 349 deos.
411 293 456 349 1111
465 294 575 349 1000000
585 293 664 368 ligati

121 371 249 442 turpiter.
280 368 370 443 Atque
381 368 484 442 aliquis
495 370 529 425 de
539 369 584 425 dis
595 387 650 425 non
660 371 790 428 tristibus
799 379 868 445 optat

106 445 233 506 sicheri
245 446 347 518 turpis.
376 443 477 516 Superi
487 446 588 510 010000,
601 446 707 518 diuque

122 523 190 577 haec
201 520 255 576 tuit
264 522 294 575 in
304 529 360 576 toto
369 521 514 576 notissima
525 520 619 577 fabula
628 521 716 576 coelo.

66 609 106 652 000
121 597 218 671 Exigit
226 595 326 651 indicii
337 613 487 652 memorem
498 596 644 672 Cythereia
655 615 783 670 poenam,

122 675 207 745 inque
217 672 295 728 01000
305 671 397 737 illum,
413 680 499 730 tectos
510 674 560 745 qui
571 672 651 729 laesit
661 690 778 738 amores,

101 790 102 793 η
121 749 206 805 laedit
215 764 306 804 amore
315 749 387 820 pari.
414 747 489 816 Quid
499 766 583 819 nunc,
595 749 753 824 Hyperione
763 756 833 813 nate,

121 824 207 880 forma
218 824 357 897 decorque
367 824 420 879 tibi
431 824 591 897 radiataque
602 824 708 880 iumine
720 823 853 896 prosunt?

120 903 227 972 Nempe
236 900 293 956 tuis
306 916 402 972 000000
413 901 463 973 qui
473 908 559 956 terras
569 900 684 974 ignibus
694 901 769 965 uris,

67 987 106 1030 105
121 977 211 1031 ureris
223 976 288 1049 igne
298 993 383 1044 novo;
398 977 504 1048 quique
513 977 606 1031 omnia
616 993 729 1031 cernere
739 975 834 1040 debes,

123 1051 297 1106 Leucothoen
308 1059 427 1123 spectas,
441 1059 469 1106 et
478 1052 588 1126 virgine
598 1051 663 1126 figis
673 1053 703 1107 in
713 1070 770 1108 una

123 1144 193 1200 quos
204 1125 308 1181 mundo
319 1126 414 1192 debes,
427 1127 533 1182 000100.
563 1127 643 1184 Modo
653 1128 748 1202 surgis
757 1127 815 1184 Eoo

123 1203 275 1276 temperius
285 1201 372 1267 coelo,
383 1201 465 1258 modo
475 1205 566 1259 serius
575 1203 678 1258 incidis
688 1203 785 1268 undis,

122 1278 322 1351 spectandique
332 1295 408 1333 mora
418 1277 560 1334 brumales
570 1279 692 1353 porrigis
699 1279 794 1335 horas.

67 1366 107 1409 000
121 1354 221 1410 Deficis
232 1353 381 1419 interdum,
393 1354 552 1426 vitiumque
560 1356 590 1410 in
602 1354 707 1410 lumina
718 1355 820 1411 mentis

123 1431 221 1486 transit
231 1438 257 1486 et
267 1431 403 1486 obscurus
414 1428 540 1486 000000110
550 1438 661 1503 pectora
671 1439 768 1496 terres,

123 1524 175 1563 nec
184 1507 235 1563 tibi
249 1506 325 1580 quod
335 1504 418 1562 10000
428 1506 509 1562 000010
520 1506 658 1579 propioris
669 1506 762 1580 imago

122 1583 269 1644 obstiterit,
282 1581 386 1655 palles:
403 1580 853 1655 1001010000οωοο100000100000.

16 1711 18 1713 ,
33 1704 39 1715 ,
122 1657 404 1732 Diligishancunam:
416 1666 498 1714 00000
504 1657 869 1732 ClymenequeRhodosque,

68 1745 108 1788 205
123 1751 174 1789 nec
184 1741 259 1788 tenet
268 1733 373 1788 Aeaeae
382 1735 505 1808 genitrix
514 1733 703 1807 pulcherrime
714 1733 818 1798 Circes,

126 1826 253 1882 quaeque
263 1816 325 1864 tuos
336 1808 434 1884 Clytie,
447 1810 577 1882 quamvis
587 1809 727 1882 despecta,
742 1809 853 1883 petebat

124 1884 298 1949 concubitus,
311 1885 427 1957 ipsoque
438 1885 487 1941 illo
530 1903 580 1942 ave
593 1884 698 1942 vulnus
709 1880 830 1941 habebat

125 1969 258 2032 tempore.
289 1961 443 2016 Leucothod
453 1978 501 2016 mu
513 1969 603 2017 tarum
614 1961 720 2018 obiivia
730 1961 806 2026 10010,

125 2037 217 2112 gentis
226 2035 378 2092 odoriferae
388 2054 472 2110 quam
482 2036 682 2093 formosissima
693 2045 776 2111 partu

69 2125 110 2169 tto
125 2113 213 2170 edidit
223 2114 394 2187 1100γο0000,
413 2112 462 2167 sed
472 2121 620 2187 postquam
632 2113 688 2169 filia
702 2114 801 2177 crevit,

127 2208 210 2263 quam
221 2197 308 2246 mater
317 2195 508 2265 cunctantem
517 2198 633 2246 matrem
645 2189 701 2245 11110
712 2190 792 2245 vicit.

126 2268 208 2322 Rexit
219 2265 417 2322 Achaemenias
427 2263 511 2320 urbes
522 2274 600 2339 pater
609 2265 775 2329 Orchamus,
787 2266 866 2336 isque

127 2344 263 2414 septimus
273 2359 288 2397 0
298 2349 391 2415 prisco
402 2350 562 2397 numeratur
571 2343 679 2416 origiue
690 2340 766 2397 belo.

126 2417 186 2473 Axe
196 2418 249 2473 sub
260 2419 393 2492 Hesperio
403 2425 469 2473 sunt
478 2434 580 2490 pascua
590 2417 663 2473 Solis
674 2434 825 2490 equorum:

71 2505 111 2550 215
126 2494 293 2550 ambrosiam
302 2512 353 2566 pro
362 2494 487 2569 gramine
498 2492 610 2550 hahent.
635 2494 673 2549 Ea
686 2493 759 2550 10000
769 2491 870 2551 diurnis

128 2569 251 2625 membra
262 2570 426 2627 ministeriis
436 2570 524 2626 nutrit
533 2578 697 2643 reparatque
709 2568 808 2625 labori.

126 2644 870 2720 Dumqueibiquadrupedescoelestiapabuiacarpunt

44 2773 48 2777 .
122 2721 870 2798 noxquevicemperagit,thalamosdeusintratamator

10 2806 66 2816 Δ.
