1876 3480
167 189 198 242 id
355 194 383 240 P.
404 194 535 241 ovum
552 194 720 242 Nesoule

161 306 209 352 aut
218 298 265 369 pia
276 304 340 351 sunt
350 295 517 368 nullumque
528 295 604 351 nefas
614 296 724 352 oracula
735 296 863 353 suadent.

161 375 260 446 Magna
270 390 369 444 parens
379 380 450 427 terra
462 379 516 437 est,
534 371 641 444 lapides
656 373 685 427 in
701 389 816 445 corpere
826 381 913 429 terrae

162 466 224 503 osea
234 465 295 503 reor
304 448 375 503 diei:
392 448 482 502 iacere
494 447 545 503 hos
556 456 618 520 pest
628 456 704 522 terga
715 448 872 503 iubemur«

106 535 145 578 305
164 524 297 598 Coniugis
309 524 425 598 augurio
436 540 605 596 quamquam
616 525 724 579 Titania
734 532 808 580 mota
819 532 869 589 est,

161 618 225 672 spes
235 609 327 656 tamen
337 601 366 654 in
378 599 464 654 dubio
475 608 530 654 est:
552 598 620 655 adeo
631 600 800 655 coelestibus
814 600 894 656 ambo

160 675 292 731 diffidunt
302 675 425 730 monitis.
456 674 510 729 Sed
521 675 590 747 quid
600 683 705 731 tentare
715 675 847 732 nocebit?

161 752 321 815 Discedunt,
330 751 478 823 velantque
488 758 571 822 eaput
583 752 748 824 tunicasque
754 752 910 826 recingunt,

161 837 187 884 et
197 830 288 883 iussos
300 827 406 899 lapides
417 844 467 882 sua
477 835 540 901 post
550 828 668 901 vestigia
678 828 803 883 mittunt.

104 912 144 958 400
162 903 314 975 Saxa,quis
326 904 378 958 hoe
384 901 485 969 credat,
493 904 548 958 nisi
555 904 592 957 sit
597 921 646 975 pro
652 901 913 959 testevetustaei-

161 997 263 1052 ponere
273 978 405 1034 duritiem
416 996 530 1051 coepere
541 996 681 1051 suumque
691 981 822 1054 rigorem,

161 1055 321 1126 mollirique
332 1072 417 1119 mora,
430 1055 592 1128 mollitaque
602 1054 704 1110 ducere
714 1055 842 1112 formem.

158 1132 231 1195 Mox,
247 1131 297 1185 ubi
307 1139 462 1196 creverunt,
475 1140 627 1203 naturaque
636 1132 730 1187 mitior
740 1132 799 1187 illie

160 1208 287 1281 contigit,
299 1215 329 1261 ut
340 1206 484 1280 quaedam,
498 1208 539 1263 sie
549 1224 604 1262 non
614 1207 770 1273 manifesta,
782 1207 874 1263 videri

103 1290 143 1336 405
162 1281 249 1338 forma
260 1291 350 1354 potest
359 1283 495 1351 hominis;
509 1282 559 1338 sed
570 1283 611 1338 uti
621 1283 655 1338 de
661 1300 798 1338 marmore
804 1292 910 1355 coepto,

159 1377 213 1414 non
225 1359 406 1422 eructuantis,
421 1358 597 1431 rudibusque
607 1359 751 1414 simillima
762 1360 862 1434 signis.

160 1434 235 1502 Quae
244 1444 335 1491 tamen
346 1434 449 1490 exiliis
460 1433 553 1506 eliquo
564 1452 628 1506 pars
639 1434 754 1490 humida
765 1452 850 1491 sueno

158 1520 185 1567 et
194 1520 302 1567 terrena
313 1510 374 1576 fuit,
388 1528 467 1567 versa
478 1519 520 1566 est
530 1511 560 1565 in
570 1511 694 1582 corporis
705 1527 803 1566 usum:

159 1588 233 1659 quod
252 1586 373 1643 solidum
394 1596 435 1642 est
459 1585 588 1659 {lectique
605 1587 717 1658 nequit,
741 1596 864 1643 mutetur
880 1586 911 1641 in

600 1678 676 1717 ossa:

101 1745 141 1792 410
159 1736 324 1808 quodmodo
334 1753 404 1791 vena
415 1736 477 1801 fuit,
495 1737 549 1791 sub
560 1737 657 1792 eudem
668 1737 781 1793 nomine
792 1740 908 1794 mansit:

157 1815 242 1884 inque
253 1813 332 1867 brevi
344 1813 433 1884 spatio
444 1811 613 1884 Supernrum
623 1814 739 1868 numine
750 1832 816 1869 saxa

158 1890 243 1943 missa
253 1889 308 1942 viri
318 1888 448 1943 manibus
458 1887 557 1944 faeiem
568 1897 675 1944 traxere
686 1890 821 1954 virorum,

158 1974 184 2019 et
195 1965 228 2018 de
239 1963 358 2018 femineo
368 1972 491 2036 reparata
502 1972 544 2019 est
554 1964 656 2019 femina
667 1965 751 2019 iactu.

157 2040 222 2095 Inde
235 2057 324 2114 genus
335 2038 436 2093 durum
446 2056 543 2094 sumus
553 2041 757 2112 experiensque
771 2040 908 2105 laborum,

101 2123 140 2169 440
161 2124 187 2171 et
197 2116 361 2171 documenta
371 2114 478 2179 damus,
498 2132 551 2187 qua
563 2117 652 2170 simus
662 2117 771 2189 origine
782 2116 851 2172 neti.

195 2192 305 2248 Caetera
316 2191 435 2246 diversis
445 2189 528 2245 tellus
538 2191 669 2247 animalia
680 2190 776 2247 formis

157 2277 254 2340 sponte
264 2286 313 2323 sun
318 2267 435 2340 peperit,
443 2275 589 2338 postquam
599 2274 679 2322 vetus
686 2266 788 2323 humor
795 2266 831 2323 eb
841 2269 909 2342 igne

157 2345 292 2416 percaluit
303 2344 380 2409 solis,
392 2358 566 2415 coenumque
577 2342 704 2414 udaeque
715 2343 832 2415 paludes

155 2421 312 2475 intumuere
322 2427 414 2484 aestu,
432 2418 606 2491 fecundaque
617 2419 723 2473 semina
734 2435 826 2474 rerum

99 2502 139 2548 420
158 2496 248 2552 vivaci
260 2496 363 2551 nutrita
373 2496 441 2561 solo,
454 2512 506 2550 eeu
514 2495 612 2549 metris
623 2495 652 2549 in
663 2493 734 2560 aive,

156 2580 303 2627 creverunt
315 2570 470 2644 faciemque
480 2571 603 2643 aliquem
614 2586 713 2642 cepere
722 2570 866 2626 morando.

156 2646 210 2712 Sic,
223 2647 272 2703 ubi
284 2646 406 2703 deseruit
419 2646 545 2702 madidos
556 2644 736 2719 septemfluus
746 2664 828 2721 agros

149 2723 241 2789 Niius,
257 2732 285 2779 et
292 2723 409 2797 antiquo
422 2739 473 2780 sua
483 2720 598 2779 flumina
608 2720 730 2778 reddidit
741 2722 830 2788 elren,
