<?xml version="1.0" encoding="UTF-8"?>
<!DOCTYPE html PUBLIC "-//W3C//DTD XHTML 1.0 Transitional//EN"
    "http://www.w3.org/TR/xhtml1/DTD/xhtml1-transitional.dtd">
<html xmlns="http://www.w3.org/1999/xhtml" xml:lang="en" lang="en">
 <head>
  <title>
</title>
<meta http-equiv="Content-Type" content="text/html;charset=utf-8" />
  <meta name='ocr-system' content='tesseract 3.04.00' />
  <meta name='ocr-capabilities' content='ocr_page ocr_carea ocr_par ocr_line ocrx_word'/>
</head>
<body>
  <div class='ocr_page' id='page_1' title='image "./operaomnia02ovidgoog/operaomnia02ovidgoog_0070.png"; bbox 0 0 1876 3480; ppageno 0'>
   <div class='ocr_carea' id='block_1_1' title="bbox 150 175 711 227">
    <p class='ocr_par' dir='ltr' id='par_1_1' title="bbox 150 175 711 227">
     <span class='ocr_line' id='line_1_1' title="bbox 150 175 711 227; baseline -0.007 -1"><span class='ocrx_word' id='word_1_1' title='bbox 150 175 182 227; x_wconf 76' lang='lat'><strong>58</strong></span> <span class='ocrx_word' id='word_1_2' title='bbox 343 178 372 225; x_wconf 88' lang='lat' dir='ltr'><strong>P.</strong></span> <span class='ocrx_word' id='word_1_3' title='bbox 394 177 525 226; x_wconf 82' lang='lat' dir='ltr'><strong>ovlnn</strong></span> <span class='ocrx_word' id='word_1_4' title='bbox 543 176 711 224; x_wconf 74' lang='lat' dir='ltr'><strong>NASONIS</strong></span> 
     </span>
    </p>
   </div>
   <div class='ocr_carea' id='block_1_2' title="bbox 48 276 906 2767">
    <p class='ocr_par' dir='ltr' id='par_1_2' title="bbox 48 276 906 2767">
     <span class='ocr_line' id='line_1_2' title="bbox 150 276 900 353; baseline -0.004 -18"><span class='ocrx_word' id='word_1_5' title='bbox 150 281 275 353; x_wconf 90' lang='lat' dir='ltr'><strong>quinque</strong></span> <span class='ocrx_word' id='word_1_6' title='bbox 286 278 497 351; x_wconf 79' lang='lat' dir='ltr'><strong>superstitibus:</strong></span> <span class='ocrx_word' id='word_1_7' title='bbox 511 295 630 350; x_wconf 90' lang='lat' dir='ltr'><strong>quorum</strong></span> <span class='ocrx_word' id='word_1_8' title='bbox 640 277 694 333; x_wconf 91' lang='lat' dir='ltr'><strong>fuit</strong></span> <span class='ocrx_word' id='word_1_9' title='bbox 702 276 900 333; x_wconf 82' lang='lat' dir='ltr'><strong>unusthion.</strong></span> 
     </span>
     <span class='ocr_line' id='line_1_3' title="bbox 149 353 791 418; baseline -0.003 -7"><span class='ocrx_word' id='word_1_10' title='bbox 149 359 175 411; x_wconf 89' lang='lat' dir='ltr'><strong>ls</strong></span> <span class='ocrx_word' id='word_1_11' title='bbox 187 373 236 410; x_wconf 91' lang='lat' dir='ltr'><strong>sua</strong></span> <span class='ocrx_word' id='word_1_12' title='bbox 249 356 314 410; x_wconf 90' lang='lat' dir='ltr'><strong>iecit</strong></span> <span class='ocrx_word' id='word_1_13' title='bbox 327 355 406 409; x_wconf 93' lang='lat' dir='ltr'><strong>humi</strong></span> <span class='ocrx_word' id='word_1_14' title='bbox 420 355 526 409; x_wconf 89' lang='lat' dir='ltr'><strong>monitu</strong></span> <span class='ocrx_word' id='word_1_15' title='bbox 540 353 692 409; x_wconf 76' lang='lat' dir='ltr'><strong>Tritonidis</strong></span> <span class='ocrx_word' id='word_1_16' title='bbox 705 371 791 418; x_wconf 87' lang='lat' dir='ltr'><strong>arma,</strong></span> 
     </span>
     <span class='ocr_line' id='line_1_4' title="bbox 149 428 821 503; baseline -0.004 -17"><span class='ocrx_word' id='word_1_17' title='bbox 149 431 339 503; x_wconf 83' lang='lat' dir='ltr'><strong>fraternaeque</strong></span> <span class='ocrx_word' id='word_1_18' title='bbox 350 430 432 485; x_wconf 88' lang='lat' dir='ltr'><strong>fidem</strong></span> <span class='ocrx_word' id='word_1_19' title='bbox 443 430 520 502; x_wconf 86' lang='lat' dir='ltr'><strong>pacis</strong></span> <span class='ocrx_word' id='word_1_20' title='bbox 530 430 666 501; x_wconf 90' lang='lat' dir='ltr'><strong>petiitque</strong></span> <span class='ocrx_word' id='word_1_21' title='bbox 677 428 821 501; x_wconf 83' lang='lat' dir='ltr'><strong>deditque.</strong></span> 
     </span>
     <span class='ocr_line' id='line_1_5' title="bbox 150 503 809 578; baseline -0.005 -16"><span class='ocrx_word' id='word_1_22' title='bbox 150 509 204 562; x_wconf 90' lang='lat' dir='ltr'><strong>Hos</strong></span> <span class='ocrx_word' id='word_1_23' title='bbox 215 507 307 578; x_wconf 90' lang='lat' dir='ltr'><strong>operis</strong></span> <span class='ocrx_word' id='word_1_24' title='bbox 317 507 433 562; x_wconf 86' lang='lat' dir='ltr'><strong>comites</strong></span> <span class='ocrx_word' id='word_1_25' title='bbox 444 504 542 559; x_wconf 84' lang='lat' dir='ltr'><strong>hahuit</strong></span> <span class='ocrx_word' id='word_1_26' title='bbox 552 503 684 560; x_wconf 91' lang='lat' dir='ltr'><strong>Sidonius</strong></span> <span class='ocrx_word' id='word_1_27' title='bbox 697 504 809 576; x_wconf 87' lang='lat' dir='ltr'><strong>hospes,</strong></span> 
     </span>
     <span class='ocr_line' id='line_1_6' title="bbox 95 579 859 654; baseline -0.004 -18"><span class='ocrx_word' id='word_1_28' title='bbox 95 594 133 637; x_wconf 79' lang='lat' dir='ltr'><strong>feu</strong></span> <span class='ocrx_word' id='word_1_29' title='bbox 148 600 235 654; x_wconf 90' lang='lat' dir='ltr'><strong>quum</strong></span> <span class='ocrx_word' id='word_1_30' title='bbox 248 583 341 654; x_wconf 89' lang='lat' dir='ltr'><strong>posuit</strong></span> <span class='ocrx_word' id='word_1_31' title='bbox 355 582 458 636; x_wconf 90' lang='lat' dir='ltr'><strong>iussam</strong></span> <span class='ocrx_word' id='word_1_32' title='bbox 468 581 605 636; x_wconf 87' lang='lat' dir='ltr'><strong>Phoebeis</strong></span> <span class='ocrx_word' id='word_1_33' title='bbox 616 579 738 635; x_wconf 86' lang='lat' dir='ltr'><strong>sortibus</strong></span> <span class='ocrx_word' id='word_1_34' title='bbox 748 579 859 637; x_wconf 89' lang='lat' dir='ltr'><strong>urbem.</strong></span> 
     </span>
     <span class='ocr_line' id='line_1_7' title="bbox 187 653 902 728; baseline -0.006 -15"><span class='ocrx_word' id='word_1_35' title='bbox 187 656 489 724; x_wconf 80' lang='lat' dir='ltr'><strong>lamstabantThebae3</strong></span> <span class='ocrx_word' id='word_1_36' title='bbox 504 665 612 728; x_wconf 90' lang='lat' dir='ltr'><strong>poteras</strong></span> <span class='ocrx_word' id='word_1_37' title='bbox 618 655 803 721; x_wconf 85' lang='lat' dir='ltr'><strong>iam‚Cadme‚</strong></span> <span class='ocrx_word' id='word_1_38' title='bbox 811 653 902 711; x_wconf 86' lang='lat' dir='ltr'><strong>videri</strong></span> 
     </span>
     <span class='ocr_line' id='line_1_8' title="bbox 150 731 828 804; baseline -0.003 -17"><span class='ocrx_word' id='word_1_39' title='bbox 150 734 249 788; x_wconf 88' lang='lat' dir='ltr'><strong>exsilio</strong></span> <span class='ocrx_word' id='word_1_40' title='bbox 264 732 342 787; x_wconf 83' lang='lat' dir='ltr'><strong>felix.</strong></span> <span class='ocrx_word' id='word_1_41' title='bbox 372 731 464 787; x_wconf 87' lang='lat' dir='ltr'><strong>Soceri</strong></span> <span class='ocrx_word' id='word_1_42' title='bbox 475 732 526 787; x_wconf 87' lang='lat' dir='ltr'><strong>tibi</strong></span> <span class='ocrx_word' id='word_1_43' title='bbox 537 733 665 803; x_wconf 84' lang='lat' dir='ltr'><strong>Marsque</strong></span> <span class='ocrx_word' id='word_1_44' title='bbox 675 731 828 804; x_wconf 84' lang='lat' dir='ltr'><strong>Venusque</strong></span> 
     </span>
     <span class='ocr_line' id='line_1_9' title="bbox 151 806 874 882; baseline 0 -18"><span class='ocrx_word' id='word_1_45' title='bbox 151 810 332 882; x_wconf 81' lang='lat' dir='ltr'><strong>contigerant.</strong></span> <span class='ocrx_word' id='word_1_46' title='bbox 363 809 422 863; x_wconf 86' lang='lat' dir='ltr'><strong>Huc</strong></span> <span class='ocrx_word' id='word_1_47' title='bbox 435 807 505 863; x_wconf 92' lang='lat' dir='ltr'><strong>adde</strong></span> <span class='ocrx_word' id='word_1_48' title='bbox 515 824 605 881; x_wconf 83' lang='lat' dir='ltr'><strong>genus</strong></span> <span class='ocrx_word' id='word_1_49' title='bbox 614 806 649 862; x_wconf 92' lang='lat' dir='ltr'><strong>de</strong></span> <span class='ocrx_word' id='word_1_50' title='bbox 659 806 778 880; x_wconf 80' lang='lat' dir='ltr'><strong>coniuge</strong></span> <span class='ocrx_word' id='word_1_51' title='bbox 788 814 874 871; x_wconf 84' lang='lat' dir='ltr'><strong>tanta,</strong></span> 
     </span>
     <span class='ocr_line' id='line_1_10' title="bbox 149 885 826 957; baseline -0.001 -19"><span class='ocrx_word' id='word_1_52' title='bbox 149 893 188 940; x_wconf 92' lang='lat' dir='ltr'><strong>tot</strong></span> <span class='ocrx_word' id='word_1_53' title='bbox 198 893 275 939; x_wconf 91' lang='lat' dir='ltr'><strong>natos</strong></span> <span class='ocrx_word' id='word_1_54' title='bbox 285 893 418 956; x_wconf 89' lang='lat' dir='ltr'><strong>natasque</strong></span> <span class='ocrx_word' id='word_1_55' title='bbox 430 892 465 948; x_wconf 86' lang='lat' dir='ltr'><strong>et,</strong></span> <span class='ocrx_word' id='word_1_56' title='bbox 481 885 598 957; x_wconf 82' lang='lat' dir='ltr'><strong>pignora</strong></span> <span class='ocrx_word' id='word_1_57' title='bbox 608 899 680 947; x_wconf 82' lang='lat' dir='ltr'><strong>cara,</strong></span> <span class='ocrx_word' id='word_1_58' title='bbox 695 891 826 954; x_wconf 86' lang='lat' dir='ltr'><strong>nepotes:</strong></span> 
     </span>
     <span class='ocr_line' id='line_1_11' title="bbox 96 954 902 1032; baseline -0.001 -18"><span class='ocrx_word' id='word_1_59' title='bbox 96 970 134 1014; x_wconf 71' lang='lat'><strong>1³5</strong></span> <span class='ocrx_word' id='word_1_60' title='bbox 150 960 200 1015; x_wconf 92' lang='lat' dir='ltr'><strong>hos</strong></span> <span class='ocrx_word' id='word_1_61' title='bbox 221 976 333 1032; x_wconf 91' lang='lat' dir='ltr'><strong>quoque</strong></span> <span class='ocrx_word' id='word_1_62' title='bbox 353 961 408 1014; x_wconf 92' lang='lat' dir='ltr'><strong>iam</strong></span> <span class='ocrx_word' id='word_1_63' title='bbox 432 959 559 1014; x_wconf 85' lang='lat' dir='ltr'><strong>iuvenes.</strong></span> <span class='ocrx_word' id='word_1_64' title='bbox 595 957 649 1014; x_wconf 86' lang='lat' dir='ltr'><strong>Sed</strong></span> <span class='ocrx_word' id='word_1_65' title='bbox 671 956 780 1013; x_wconf 87' lang='lat' dir='ltr'><strong>scilicet</strong></span> <span class='ocrx_word' id='word_1_66' title='bbox 804 954 902 1013; x_wconf 77' lang='lat' dir='ltr'><strong>ultima</strong></span> 
     </span>
     <span class='ocr_line' id='line_1_12' title="bbox 647 1051 758 1089; baseline -0.009 0"><span class='ocrx_word' id='word_1_67' title='bbox 647 1051 707 1089; x_wconf 89' lang='lat' dir='ltr'><strong>sem</strong></span> <span class='ocrx_word' id='word_1_68' title='bbox 744 1052 758 1088; x_wconf 91' lang='lat' dir='ltr'><strong>r</strong></span> 
     </span>
     <span class='ocr_line' id='line_1_13' title="bbox 153 1051 820 1182; baseline -0.003 -17"><span class='ocrx_word' id='word_1_69' title='bbox 153 1109 336 1182; x_wconf 83' lang='lat' dir='ltr'><strong>exspectanda</strong></span> <span class='ocrx_word' id='word_1_70' title='bbox 347 1109 407 1165; x_wconf 90' lang='lat' dir='ltr'><strong>dies</strong></span> <span class='ocrx_word' id='word_1_71' title='bbox 419 1109 525 1165; x_wconf 88' lang='lat' dir='ltr'><strong>homini</strong></span> <span class='ocrx_word' id='word_1_72' title='bbox 535 1118 586 1174; x_wconf 83' lang='lat' dir='ltr'><strong>est,</strong></span> <span class='ocrx_word' id='word_1_73' title='bbox 598 1051 820 1182; x_wconf 66' lang='lat' dir='ltr'><strong>diciquepdeatus</strong></span> 
     </span>
     <span class='ocr_line' id='line_1_14' title="bbox 152 1183 838 1257; baseline -0.006 -15"><span class='ocrx_word' id='word_1_74' title='bbox 152 1194 214 1242; x_wconf 89' lang='lat' dir='ltr'><strong>ante</strong></span> <span class='ocrx_word' id='word_1_75' title='bbox 227 1185 335 1240; x_wconf 89' lang='lat' dir='ltr'><strong>obitum</strong></span> <span class='ocrx_word' id='word_1_76' title='bbox 346 1202 426 1240; x_wconf 88' lang='lat' dir='ltr'><strong>nemo</strong></span> <span class='ocrx_word' id='word_1_77' title='bbox 437 1202 622 1257; x_wconf 91' lang='lat' dir='ltr'><strong>supremaque</strong></span> <span class='ocrx_word' id='word_1_78' title='bbox 635 1184 733 1241; x_wconf 88' lang='lat' dir='ltr'><strong>funera</strong></span> <span class='ocrx_word' id='word_1_79' title='bbox 743 1183 838 1240; x_wconf 88' lang='lat' dir='ltr'><strong>debet.</strong></span> 
     </span>
     <span class='ocr_line' id='line_1_15' title="bbox 190 1258 904 1332; baseline -0.001 -18"><span class='ocrx_word' id='word_1_80' title='bbox 190 1261 280 1315; x_wconf 89' lang='lat' dir='ltr'><strong>Prima</strong></span> <span class='ocrx_word' id='word_1_81' title='bbox 293 1277 379 1332; x_wconf 89' lang='lat' dir='ltr'><strong>nepos</strong></span> <span class='ocrx_word' id='word_1_82' title='bbox 390 1262 512 1316; x_wconf 87' lang='lat' dir='ltr'><strong>interres</strong></span> <span class='ocrx_word' id='word_1_83' title='bbox 522 1269 562 1316; x_wconf 88' lang='lat' dir='ltr'><strong>tot</strong></span> <span class='ocrx_word' id='word_1_84' title='bbox 571 1260 633 1326; x_wconf 86' lang='lat' dir='ltr'><strong>tibi,</strong></span> <span class='ocrx_word' id='word_1_85' title='bbox 642 1260 753 1325; x_wconf 84' lang='lat' dir='ltr'><strong>Cadme,</strong></span> <span class='ocrx_word' id='word_1_86' title='bbox 766 1258 904 1315; x_wconf 85' lang='lat' dir='ltr'><strong>secundae</strong></span> 
     </span>
     <span class='ocr_line' id='line_1_16' title="bbox 153 1334 796 1408; baseline 0.003 -18"><span class='ocrx_word' id='word_1_87' title='bbox 153 1354 249 1391; x_wconf 89' lang='lat' dir='ltr'><strong>caussa</strong></span> <span class='ocrx_word' id='word_1_88' title='bbox 262 1335 315 1391; x_wconf 91' lang='lat' dir='ltr'><strong>fuit</strong></span> <span class='ocrx_word' id='word_1_89' title='bbox 325 1334 426 1400; x_wconf 87' lang='lat' dir='ltr'><strong>luctus,</strong></span> <span class='ocrx_word' id='word_1_90' title='bbox 441 1335 587 1408; x_wconf 81' lang='lat' dir='ltr'><strong>alienaque</strong></span> <span class='ocrx_word' id='word_1_91' title='bbox 597 1352 700 1392; x_wconf 89' lang='lat' dir='ltr'><strong>cornua</strong></span> <span class='ocrx_word' id='word_1_92' title='bbox 711 1334 796 1392; x_wconf 79' lang='lat' dir='ltr'><strong>fronti</strong></span> 
     </span>
     <span class='ocr_line' id='line_1_17' title="bbox 97 1410 846 1485; baseline -0.001 -19"><span class='ocrx_word' id='word_1_93' title='bbox 97 1419 136 1466; x_wconf 69' lang='lat' dir='ltr'><strong>fit</strong></span> <span class='ocrx_word' id='word_1_94' title='bbox 154 1412 256 1476; x_wconf 85' lang='lat' dir='ltr'><strong>addita,</strong></span> <span class='ocrx_word' id='word_1_95' title='bbox 269 1429 375 1484; x_wconf 87' lang='lat' dir='ltr'><strong>vosque</strong></span> <span class='ocrx_word' id='word_1_96' title='bbox 385 1429 467 1467; x_wconf 88' lang='lat' dir='ltr'><strong>canes</strong></span> <span class='ocrx_word' id='word_1_97' title='bbox 481 1413 593 1467; x_wconf 81' lang='lat' dir='ltr'><strong>satiatae</strong></span> <span class='ocrx_word' id='word_1_98' title='bbox 603 1411 739 1485; x_wconf 83' lang='lat' dir='ltr'><strong>sanguine</strong></span> <span class='ocrx_word' id='word_1_99' title='bbox 750 1410 846 1466; x_wconf 86' lang='lat' dir='ltr'><strong>herifi.</strong></span> 
     </span>
     <span class='ocr_line' id='line_1_18' title="bbox 48 1485 808 1561; baseline -0.001 -18"><span class='ocrx_word' id='word_1_100' title='bbox 48 1556 55 1561; x_wconf 34' lang='grc'><strong>,</strong></span> <span class='ocrx_word' id='word_1_101' title='bbox 152 1490 187 1544; x_wconf 81' lang='lat' dir='ltr'><strong>At</strong></span> <span class='ocrx_word' id='word_1_102' title='bbox 198 1488 268 1543; x_wconf 87' lang='lat' dir='ltr'><strong>bene</strong></span> <span class='ocrx_word' id='word_1_103' title='bbox 279 1489 303 1543; x_wconf 92' lang='lat' dir='ltr'><strong>si</strong></span> <span class='ocrx_word' id='word_1_104' title='bbox 317 1505 443 1560; x_wconf 83' lang='lat' dir='ltr'><strong>quaeras,</strong></span> <span class='ocrx_word' id='word_1_105' title='bbox 456 1487 581 1543; x_wconf 87' lang='lat' dir='ltr'><strong>fortunae</strong></span> <span class='ocrx_word' id='word_1_106' title='bbox 591 1487 697 1542; x_wconf 83' lang='lat' dir='ltr'><strong>crimen</strong></span> <span class='ocrx_word' id='word_1_107' title='bbox 707 1487 737 1542; x_wconf 95' lang='lat' dir='ltr'><strong>in</strong></span> <span class='ocrx_word' id='word_1_108' title='bbox 748 1485 808 1551; x_wconf 88' lang='lat' dir='ltr'><strong>ilio,</strong></span> 
     </span>
     <span class='ocr_line' id='line_1_19' title="bbox 153 1561 905 1692; baseline -0.003 -73"><span class='ocrx_word' id='word_1_109' title='bbox 153 1581 207 1619; x_wconf 91' lang='lat' dir='ltr'><strong>non</strong></span> <span class='ocrx_word' id='word_1_110' title='bbox 221 1564 313 1619; x_wconf 92' lang='lat' dir='ltr'><strong>scelus</strong></span> <span class='ocrx_word' id='word_1_111' title='bbox 324 1565 461 1620; x_wconf 89' lang='lat' dir='ltr'><strong>invenies.</strong></span> <span class='ocrx_word' id='word_1_112' title='bbox 488 1562 567 1631; x_wconf 84' lang='lat' dir='ltr'><strong>Quod</strong></span> <span class='ocrx_word' id='word_1_113' title='bbox 577 1564 651 1620; x_wconf 90' lang='lat' dir='ltr'><strong>enim</strong></span> <span class='ocrx_word' id='word_1_114' title='bbox 664 1561 757 1692; x_wconf 71' lang='lat' dir='ltr'><strong>scelqe</strong></span> <span class='ocrx_word' id='word_1_115' title='bbox 768 1578 846 1618; x_wconf 87' lang='lat' dir='ltr'><strong>error</strong></span> <span class='ocrx_word' id='word_1_116' title='bbox 855 1561 905 1617; x_wconf 89' lang='lat' dir='ltr'><strong>ha·</strong></span> 
     </span>
     <span class='ocr_line' id='line_1_20' title="bbox 647 1638 730 1696; baseline -0.012 -1"><span class='ocrx_word' id='word_1_117' title='bbox 647 1638 730 1696; x_wconf 85' lang='lat' dir='ltr'><strong>bebat</strong></span> 
     </span>
     <span class='ocr_line' id='line_1_21' title="bbox 152 1712 812 1778; baseline 0 -9"><span class='ocrx_word' id='word_1_118' title='bbox 152 1715 230 1769; x_wconf 90' lang='lat' dir='ltr'><strong>Mons</strong></span> <span class='ocrx_word' id='word_1_119' title='bbox 242 1721 299 1767; x_wconf 91' lang='lat' dir='ltr'><strong>erat</strong></span> <span class='ocrx_word' id='word_1_120' title='bbox 307 1712 427 1768; x_wconf 84' lang='lat' dir='ltr'><strong>infectus</strong></span> <span class='ocrx_word' id='word_1_121' title='bbox 439 1714 576 1770; x_wconf 87' lang='lat' dir='ltr'><strong>variarum</strong></span> <span class='ocrx_word' id='word_1_122' title='bbox 587 1715 670 1771; x_wconf 87' lang='lat' dir='ltr'><strong>caede</strong></span> <span class='ocrx_word' id='word_1_123' title='bbox 680 1712 812 1778; x_wconf 83' lang='lat' dir='ltr'><strong>ferarum,</strong></span> 
     </span>
     <span class='ocr_line' id='line_1_22' title="bbox 153 1787 873 1859; baseline 0.004 -17"><span class='ocrx_word' id='word_1_124' title='bbox 153 1789 264 1859; x_wconf 91' lang='lat' dir='ltr'><strong>iamque</strong></span> <span class='ocrx_word' id='word_1_125' title='bbox 278 1787 339 1842; x_wconf 90' lang='lat' dir='ltr'><strong>dies</strong></span> <span class='ocrx_word' id='word_1_126' title='bbox 349 1789 459 1844; x_wconf 90' lang='lat' dir='ltr'><strong>medius</strong></span> <span class='ocrx_word' id='word_1_127' title='bbox 470 1808 563 1846; x_wconf 87' lang='lat' dir='ltr'><strong>rerum</strong></span> <span class='ocrx_word' id='word_1_128' title='bbox 572 1797 744 1846; x_wconf 84' lang='lat' dir='ltr'><strong>contraxerat</strong></span> <span class='ocrx_word' id='word_1_129' title='bbox 757 1789 873 1845; x_wconf 79' lang='lat' dir='ltr'><strong>umbras</strong></span> 
     </span>
     <span class='ocr_line' id='line_1_23' title="bbox 98 1863 730 1938; baseline 0.006 -21"><span class='ocrx_word' id='word_1_130' title='bbox 98 1870 137 1917; x_wconf 69' lang='lat'><strong>145</strong></span> <span class='ocrx_word' id='word_1_131' title='bbox 153 1872 180 1918; x_wconf 88' lang='lat' dir='ltr'><strong>et</strong></span> <span class='ocrx_word' id='word_1_132' title='bbox 190 1863 230 1918; x_wconf 92' lang='lat' dir='ltr'><strong>sof</strong></span> <span class='ocrx_word' id='word_1_133' title='bbox 243 1881 278 1919; x_wconf 84' lang='lat' dir='ltr'><strong>ex</strong></span> <span class='ocrx_word' id='word_1_134' title='bbox 288 1880 376 1935; x_wconf 90' lang='lat' dir='ltr'><strong>aequo</strong></span> <span class='ocrx_word' id='word_1_135' title='bbox 387 1874 458 1920; x_wconf 84' lang='lat' dir='ltr'><strong>meta</strong></span> <span class='ocrx_word' id='word_1_136' title='bbox 468 1865 588 1922; x_wconf 85' lang='lat' dir='ltr'><strong>distabat</strong></span> <span class='ocrx_word' id='word_1_137' title='bbox 598 1874 730 1938; x_wconf 86' lang='lat' dir='ltr'><strong>utraque:</strong></span> 
     </span>
     <span class='ocr_line' id='line_1_24' title="bbox 154 1939 875 2014; baseline 0.004 -21"><span class='ocrx_word' id='word_1_138' title='bbox 154 1956 241 2011; x_wconf 92' lang='lat' dir='ltr'><strong>quum</strong></span> <span class='ocrx_word' id='word_1_139' title='bbox 251 1940 362 1994; x_wconf 90' lang='lat' dir='ltr'><strong>iuvenis</strong></span> <span class='ocrx_word' id='word_1_140' title='bbox 376 1941 485 2012; x_wconf 92' lang='lat' dir='ltr'><strong>placido</strong></span> <span class='ocrx_word' id='word_1_141' title='bbox 495 1959 544 2013; x_wconf 92' lang='lat' dir='ltr'><strong>per</strong></span> <span class='ocrx_word' id='word_1_142' title='bbox 553 1940 634 1997; x_wconf 88' lang='lat' dir='ltr'><strong>devia</strong></span> <span class='ocrx_word' id='word_1_143' title='bbox 645 1939 731 1996; x_wconf 90' lang='lat' dir='ltr'><strong>lustra</strong></span> <span class='ocrx_word' id='word_1_144' title='bbox 741 1948 875 2014; x_wconf 78' lang='lat' dir='ltr'><strong>vagantes</strong></span> 
     </span>
     <span class='ocr_line' id='line_1_25' title="bbox 154 2015 803 2090; baseline 0 -20"><span class='ocrx_word' id='word_1_145' title='bbox 154 2016 304 2089; x_wconf 86' lang='lat' dir='ltr'><strong>participes</strong></span> <span class='ocrx_word' id='word_1_146' title='bbox 313 2032 428 2087; x_wconf 89' lang='lat' dir='ltr'><strong>operum</strong></span> <span class='ocrx_word' id='word_1_147' title='bbox 439 2015 587 2089; x_wconf 83' lang='lat' dir='ltr'><strong>compellat</strong></span> <span class='ocrx_word' id='word_1_148' title='bbox 595 2017 730 2090; x_wconf 78' lang='lat' dir='ltr'><strong>Hyantius</strong></span> <span class='ocrx_word' id='word_1_149' title='bbox 740 2032 803 2071; x_wconf 86' lang='lat' dir='ltr'><strong>ore:</strong></span> 
     </span>
     <span class='ocr_line' id='line_1_26' title="bbox 154 2089 902 2165; baseline 0.003 -22"><span class='ocrx_word' id='word_1_150' title='bbox 154 2089 902 2165; x_wconf 62' lang='lat' dir='ltr'><strong>»Linamadentcomites,ferrumquecruoreferarum,</strong></span> 
     </span>
     <span class='ocr_line' id='line_1_27' title="bbox 156 2164 850 2238; baseline -0.003 -16"><span class='ocrx_word' id='word_1_151' title='bbox 156 2167 349 2238; x_wconf 82' lang='lat' dir='ltr'><strong>fortunamque</strong></span> <span class='ocrx_word' id='word_1_152' title='bbox 359 2166 420 2222; x_wconf 89' lang='lat' dir='ltr'><strong>dies</strong></span> <span class='ocrx_word' id='word_1_153' title='bbox 434 2166 532 2223; x_wconf 88' lang='lat' dir='ltr'><strong>habuit</strong></span> <span class='ocrx_word' id='word_1_154' title='bbox 542 2168 619 2224; x_wconf 88' lang='lat' dir='ltr'><strong>satis.</strong></span> <span class='ocrx_word' id='word_1_155' title='bbox 651 2166 744 2223; x_wconf 84' lang='lat' dir='ltr'><strong>Altera</strong></span> <span class='ocrx_word' id='word_1_156' title='bbox 756 2164 850 2221; x_wconf 89' lang='lat' dir='ltr'><strong>iucem</strong></span> 
     </span>
     <span class='ocr_line' id='line_1_28' title="bbox 100 2242 803 2315; baseline 0 -18"><span class='ocrx_word' id='word_1_157' title='bbox 100 2254 139 2297; x_wconf 80' lang='lat'><strong>15⁰</strong></span> <span class='ocrx_word' id='word_1_158' title='bbox 153 2261 240 2315; x_wconf 90' lang='lat' dir='ltr'><strong>quum</strong></span> <span class='ocrx_word' id='word_1_159' title='bbox 251 2243 355 2298; x_wconf 89' lang='lat' dir='ltr'><strong>croceis</strong></span> <span class='ocrx_word' id='word_1_160' title='bbox 368 2244 478 2298; x_wconf 84' lang='lat' dir='ltr'><strong>invecta</strong></span> <span class='ocrx_word' id='word_1_161' title='bbox 489 2245 555 2300; x_wconf 90' lang='lat' dir='ltr'><strong>rotis</strong></span> <span class='ocrx_word' id='word_1_162' title='bbox 565 2242 669 2299; x_wconf 76' lang='lat' dir='ltr'><strong>Aurora</strong></span> <span class='ocrx_word' id='word_1_163' title='bbox 680 2242 803 2307; x_wconf 82' lang='lat' dir='ltr'><strong>reducet,</strong></span> 
     </span>
     <span class='ocr_line' id='line_1_29' title="bbox 157 2316 906 2392; baseline -0.001 -20"><span class='ocrx_word' id='word_1_164' title='bbox 157 2320 328 2390; x_wconf 91' lang='lat' dir='ltr'><strong>propositum</strong></span> <span class='ocrx_word' id='word_1_165' title='bbox 338 2327 495 2391; x_wconf 89' lang='lat' dir='ltr'><strong>repetemus</strong></span> <span class='ocrx_word' id='word_1_166' title='bbox 505 2336 585 2392; x_wconf 90' lang='lat' dir='ltr'><strong>opus.</strong></span> <span class='ocrx_word' id='word_1_167' title='bbox 601 2316 821 2373; x_wconf 89' lang='lat' dir='ltr'><strong>NuncPhoebus</strong></span> <span class='ocrx_word' id='word_1_168' title='bbox 831 2325 906 2372; x_wconf 86' lang='lat' dir='ltr'><strong>utra-</strong></span> 
     </span>
     <span class='ocr_line' id='line_1_30' title="bbox 652 2410 708 2465; baseline -0.018 -17"><span class='ocrx_word' id='word_1_169' title='bbox 652 2410 708 2465; x_wconf 95' lang='lat' dir='ltr'><strong>que</strong></span> 
     </span>
     <span class='ocr_line' id='line_1_31' title="bbox 157 2467 815 2541; baseline 0.002 -21"><span class='ocrx_word' id='word_1_170' title='bbox 157 2467 239 2521; x_wconf 88' lang='lat' dir='ltr'><strong>distat</strong></span> <span class='ocrx_word' id='word_1_171' title='bbox 249 2467 323 2522; x_wconf 88' lang='lat' dir='ltr'><strong>idem</strong></span> <span class='ocrx_word' id='word_1_172' title='bbox 335 2478 415 2535; x_wconf 88' lang='lat' dir='ltr'><strong>terra,</strong></span> <span class='ocrx_word' id='word_1_173' title='bbox 431 2469 566 2541; x_wconf 91' lang='lat' dir='ltr'><strong>finditque</strong></span> <span class='ocrx_word' id='word_1_174' title='bbox 577 2469 727 2541; x_wconf 88' lang='lat' dir='ltr'><strong>vaporibus</strong></span> <span class='ocrx_word' id='word_1_175' title='bbox 738 2485 815 2525; x_wconf 86' lang='lat' dir='ltr'><strong>arva.</strong></span> 
     </span>
     <span class='ocr_line' id='line_1_32' title="bbox 155 2541 847 2616; baseline -0.001 -20"><span class='ocrx_word' id='word_1_176' title='bbox 155 2542 247 2597; x_wconf 90' lang='lat' dir='ltr'><strong>Sistite</strong></span> <span class='ocrx_word' id='word_1_177' title='bbox 257 2559 327 2614; x_wconf 93' lang='lat' dir='ltr'><strong>opus</strong></span> <span class='ocrx_word' id='word_1_178' title='bbox 338 2561 479 2615; x_wconf 86' lang='lat' dir='ltr'><strong>praesens,</strong></span> <span class='ocrx_word' id='word_1_179' title='bbox 495 2543 652 2616; x_wconf 90' lang='lat' dir='ltr'><strong>nodosaque</strong></span> <span class='ocrx_word' id='word_1_180' title='bbox 663 2543 751 2600; x_wconf 87' lang='lat' dir='ltr'><strong>tollite</strong></span> <span class='ocrx_word' id='word_1_181' title='bbox 763 2541 847 2598; x_wconf 70' lang='lat' dir='ltr'><strong>lina«</strong></span> 
     </span>
     <span class='ocr_line' id='line_1_33' title="bbox 156 2618 809 2691; baseline 0.003 -20"><span class='ocrx_word' id='word_1_182' title='bbox 156 2619 233 2672; x_wconf 87' lang='lat' dir='ltr'><strong>iussa</strong></span> <span class='ocrx_word' id='word_1_183' title='bbox 245 2619 298 2672; x_wconf 91' lang='lat' dir='ltr'><strong>viri</strong></span> <span class='ocrx_word' id='word_1_184' title='bbox 310 2618 415 2674; x_wconf 91' lang='lat' dir='ltr'><strong>faciunt</strong></span> <span class='ocrx_word' id='word_1_185' title='bbox 425 2621 664 2691; x_wconf 90' lang='lat' dir='ltr'><strong>intermittuntque</strong></span> <span class='ocrx_word' id='word_1_186' title='bbox 676 2618 809 2674; x_wconf 88' lang='lat' dir='ltr'><strong>laborem.</strong></span> 
     </span>
     <span class='ocr_line' id='line_1_34' title="bbox 94 2691 821 2767; baseline 0.003 -20"><span class='ocrx_word' id='word_1_187' title='bbox 94 2705 137 2747; x_wconf 74' lang='lat'><strong>155</strong></span> <span class='ocrx_word' id='word_1_188' title='bbox 190 2691 276 2749; x_wconf 82' lang='lat' dir='ltr'><strong>Vaffis</strong></span> <span class='ocrx_word' id='word_1_189' title='bbox 286 2703 345 2750; x_wconf 84' lang='lat' dir='ltr'><strong>erat</strong></span> <span class='ocrx_word' id='word_1_190' title='bbox 353 2695 443 2767; x_wconf 88' lang='lat' dir='ltr'><strong>piceis</strong></span> <span class='ocrx_word' id='word_1_191' title='bbox 454 2704 481 2752; x_wconf 90' lang='lat' dir='ltr'><strong>et</strong></span> <span class='ocrx_word' id='word_1_192' title='bbox 493 2704 572 2752; x_wconf 88' lang='lat' dir='ltr'><strong>acuta</strong></span> <span class='ocrx_word' id='word_1_193' title='bbox 581 2694 668 2751; x_wconf 85' lang='lat' dir='ltr'><strong>densa</strong></span> <span class='ocrx_word' id='word_1_194' title='bbox 675 2712 821 2766; x_wconf 78' lang='lat' dir='ltr'><strong>cupressu,</strong></span> 
     </span>
    </p>
   </div>
   <div class='ocr_carea' id='block_1_3' title="bbox 0 0 948 3480">
    <p class='ocr_par' dir='ltr' id='par_1_3' title="bbox 0 0 948 3480">
     <span class='ocr_line' id='line_1_35' title="bbox 0 0 948 3480; baseline 0 0"><span class='ocrx_word' id='word_1_195' title='bbox 0 0 948 3480; x_wconf 95' lang='lat' dir='ltr'><strong> </strong></span> 
     </span>
    </p>
   </div>
  </div>
 </body>
</html>
