1876 3480
154 145 203 197 378
346 152 374 196 P.
397 150 526 196 OVlfo
546 150 717 196 NASONIS

154 252 308 323 umbraque
318 251 426 306 telluris
437 250 563 306 tenebras
574 250 724 307 induxerat
736 251 798 306 orbi
808 273 814 307 :

154 346 241 399 quum
253 326 322 381 deus
334 327 363 380 iu
374 328 480 381 somnis
489 325 580 398 opifer
588 328 742 381 consistere
752 328 834 383 visus

153 414 215 457 aute
228 412 315 465 tuum,
328 403 458 465 llomanc,
471 410 575 469 torum;
589 402 638 456 sed
649 402 743 473 qualis
754 402 786 457 in
796 402 862 458 aede

98 492 136 533 655
154 497 214 533 6556
229 479 306 538 solet,
320 477 507 548 baculumque
521 487 617 531 tenens
628 486 738 549 agreste
748 478 861 533 sinistra

155 555 303 609 caesariem
317 553 413 625 longae
427 553 522 607 dextra
533 551 670 607 deducere
682 553 797 617 barbae,

155 639 181 685 et
195 629 302 700 placido
314 630 382 683 tales
393 630 516 682 emittere
528 637 635 699 pectore
647 645 745 684 voces:

154 707 239 758 »Pone
251 714 354 766 uictus,
367 705 491 765 veniam,
504 702 710 774 simulacraque
721 712 815 759 nostra
827 702 902 758 reliu-

651 795 748 850 quam.

155 852 900 924 Huncmodoserpentembaculumquinexibusambit,

99 942 138 985 666
155 932 279 1002 perspice
290 939 316 983 66
328 946 415 999 usque
427 940 488 982 nota
501 929 573 991 visu,
587 938 617 983 ut
627 946 800 1001 cognoscere
811 929 900 1001 possis.

155 1007 250 1060 Vertar
262 1007 288 1058 in
300 1005 388 1058 lruuc:
401 1003 451 1058 sed
461 1004 547 1057 maior
556 1021 612 1067 ero,
625 1013 779 1076 tantusque
787 1004 899 1063 videbor,

157 1082 184 1134 iu
197 1090 330 1151 quantum
343 1080 412 1134 verti
424 1078 552 1133 coelestia
562 1096 676 1149 corpora
687 1079 818 1135 debent«

154 1156 300 1226 Extemplo
314 1172 377 1208 cum
392 1154 546 1216 vocedeus,
562 1171 625 1208 cum
639 1171 706 1209 voce
716 1155 827 1227 deoque

156 1230 346 1283 somnusabit:
360 1230 506 1300 somnique
514 1228 664 1301 fugamlux
674 1231 748 1286 alma
759 1237 900 1286 secutaest.

101 1318 139 1359 665
156 1307 263 1358 Ρ656666
274 1304 397 1358 sidereos
407 1321 504 1358 aurora
516 1303 659 1376 fugaverat
670 1306 767 1379 ignes:

157 1381 254 1434 incerti
265 1380 332 1451 quid
344 1390 436 1453 agant,
448 1396 574 1450 proceres
587 1380 620 1434 ad
632 1379 735 1452 templa
748 1383 828 1452 petiti

155 1457 324 1510 conveniunt
333 1473 446 1525 operosa
458 1454 513 1517 dei,
526 1471 636 1526 quaque
650 1456 713 1527 ipse
723 1458 826 1511 morari

158 1531 222 1585 56616
236 1531 310 1593 velit,
323 1531 413 1602 signis
424 1529 591 1584 coelestibus
603 1530 718 1595 indicet,
732 1541 823 1586 orant.

158 1608 211 1660 Vix
224 1606 293 1659 bene
304 1606 451 1666 desierant,
469 1623 554 1676 quum
567 1607 658 1659 cristis
669 1624 773 1661 aureus
784 1607 845 1661 altis

101 1695 140 1736 666
159 1685 184 1736 in
197 1690 323 1752 serpente
334 1681 403 1734 deus
415 1683 575 1750 praenuntia
587 1681 670 1733 sibila
684 1682 772 1745 misit,

158 1757 333 1827 adventuque
345 1773 395 1810 suo
405 1757 573 1827 signumque
584 1774 702 1827 arasque
715 1757 842 1829 foresque

159 1849 396 1901 marmoreumque
407 1832 496 1884 solum
510 1831 675 1902 fastigiaque
687 1850 771 1888 666666
783 1834 873 1891 movit,

159 1908 371 1979 pectoribusque
385 1916 465 1960 tenus
476 1907 565 1959 media
577 1907 709 1960 sublimis
720 1909 749 1962 in
761 1909 828 1962 aede

158 1984 290 2040 constitit,
307 1993 389 2052 atque
400 1981 495 2035 oculos
506 1981 677 2036 circumtulit
688 1984 755 2055 igne
769 1985 899 2037 micantes.

103 2071 141 2111 665
157 2060 259 2113 Territa
272 2058 349 2110 turba
363 2067 456 2127 pavet:
471 2058 599 2125 coguovit
611 2059 725 2112 numina
739 2069 829 2113 castos

157 2135 283 2186 evinctus
295 2135 360 2185 vitta
374 2134 464 2185 crines
477 2133 585 2185 albente
599 2133 744 2187 sacerdos:

160 2210 213 2262 »Eu
226 2209 355 2269 deusest,
372 2207 441 2260 deus
452 2208 506 2261 6561
524 2208 624 2260 animis
637 2208 802 2280 linguisque
814 2210 891 2264 favete

159 2284 289 2353 quisquis
303 2282 380 2335 adesl
399 2282 480 2335 dixit.
509 2282 562 2342 Sis,
575 2299 591 2335 o
602 2283 802 2352 pulcherrime,
816 2286 885 2337 visus

161 2359 274 2419 utiliter,
292 2357 463 2428 populosque
475 2358 554 2411 iuves
569 2368 613 2411 tua
625 2375 701 2411 sacra
712 2358 859 2414 colentes«

103 2445 142 2484 666
158 2433 383 2504 Quisquisadest,
393 2434 499 2486 iussum
507 2442 775 2498 veneraturnumen,
788 2445 881 2490 etomu

160 2509 240 2561 verba
252 2507 401 2561 sacerdotis
412 2507 535 2562 referunt
545 2509 694 2580 geminata,
709 2511 843 2582 piumque

161 2584 301 2636 Aeneadae
315 2593 452 2653 praestant
461 2592 487 2636 et
499 2594 588 2637 mente
599 2594 626 2637 et
637 2601 704 2638 voce
716 2583 848 2641 favorem.

154 2658 265 2718 Annuit
276 2659 320 2717 liis
331 2704 336 2726 ,
355 2659 495 2734 motisque
505 2658 574 2714 deus
582 2668 640 2713 rata
651 2661 768 2731 pignora
780 2662 866 2716 cristis
