1876 3480
312 130 345 184 42
504 132 533 178 P.
554 131 683 180 ov1n11
701 132 870 179 Nicoma

313 236 496 307 venatrixque
506 242 582 290 metu
592 241 743 290 venantum
752 235 846 290 territa
856 233 930 309 fugit

315 313 401 384 Saepe
413 310 479 366 seris
491 309 571 366 latuit
582 310 660 376 visis,
673 309 759 366 oblita
769 309 838 382 quid
848 320 931 375 esset,

314 403 434 460 ursaque
445 395 606 459 conspectos
619 387 648 441 in
660 386 801 441 montibus
813 386 920 441 horruit

257 473 297 520 495
314 464 513 538 pertimuitque
524 462 614 534 lupos,
628 463 759 534 quamvis
769 471 846 534 pater
856 473 930 518 esset

351 541 423 595 Ecce
433 539 586 613 Lycaoniae
596 537 697 613 proles,
710 539 805 611 ignara
817 540 937 610 parenti

313 615 398 672 Arcas
410 614 496 680 adest,
508 622 549 668 ter
559 614 684 687 quinque
695 613 751 669 iere
761 612 902 669 natalibus
913 634 938 670 a:

314 692 437 764 dumque
449 690 520 745 ieras
531 690 666 762 sequitur,
680 689 747 744 dum
757 688 843 744 saltus
852 689 934 820 eligit

313 766 513 837 nexilibusque
523 764 615 839 plagis
625 764 712 820 silvas
722 764 886 839 Erymanthi
907 784 937 821 as

258 857 296 899 too
312 843 413 899 incidit
422 844 451 897 in
463 849 587 906 matrem,
604 857 675 913 quae
685 843 785 896 restitit
793 839 899 896 Arcade
911 861 929 897 v

313 928 340 975 et
350 917 528 992 cognoscenti
538 916 640 971 similis
651 916 714 971 iuit.
740 915 787 970 iiie
798 915 910 990 refugit,

313 996 497 1065 immotosque
509 991 605 1047 oculos
616 993 645 1046 in
656 993 757 1046 sosine
769 991 822 1046 fine
832 1001 938 1048 tenent.

314 1070 425 1125 nescius
436 1068 576 1133 extimuit,
593 1068 764 1140 propiusque
775 1068 904 1123 accedere
915 1087 930 1124 a

311 1144 445 1203 vulnifico
456 1141 547 1199 iuerat
558 1143 665 1199 fixurus
675 1152 784 1216 pectora
794 1142 858 1199 telo.

258 1234 297 1277 555
311 1219 606 1292 ¹ArcuitOmuipotens¹
619 1220 777 1292 pariterque
787 1220 920 1292 ipsosque

313 1295 436 1360 sustulit¹
450 1304 477 1350 et
487 1294 571 1350 celeri
581 1303 673 1368 raptos
684 1312 734 1368 per
743 1296 835 1350 inania
846 1304 928 1350 vento

311 1372 447 1444 imposuit
456 1369 543 1436 coelo,
555 1371 704 1442 vicinaque
715 1370 805 1426 sidera
815 1369 891 1426 fecit.

349 1448 484 1505 Intumuit
492 1448 570 1513 luno,
582 1455 729 1520 postquam
739 1446 812 1502 inter
822 1447 912 1502 sidera
931 1470 938 1495 ι

313 1524 403 1590 fuisit,
416 1534 442 1580 et
452 1524 487 1579 ad
498 1540 594 1578 canam
605 1521 749 1577 descendit
759 1523 788 1576 in
802 1539 921 1595 aequora

258 1613 297 1655 sto
312 1600 510 1671 Oceanumque
520 1615 624 1662 senem,
637 1614 755 1670 quorum
767 1599 919 1654 reverentia
937 1629 938 1647 r

313 1692 395 1747 saepe
406 1675 481 1739 deos,
495 1689 677 1745 caussamque
688 1674 749 1728 viae
760 1674 926 1729 scitantibus

312 1748 472 1817 »Quaeritis
485 1747 614 1804 aetheriis
625 1765 709 1820 quare
720 1750 814 1823 regina
826 1749 910 1804 deoru
918 1774 934 1800 u

313 1824 428 1880 sedibus
440 1824 495 1879 huc
505 1822 613 1878 adsim?
626 1824 679 1880 Pro
689 1841 733 1878 me
746 1833 818 1880 tenet
828 1824 912 1880 altera
928 1849 938 1875 ι

311 1900 440 1966 Mentior,
459 1899 610 1954 obscurum
620 1900 675 1954 nisi
687 1917 742 1955 nox
752 1917 840 1972 quum
852 1900 934 1955 feceri

256 1987 296 2030 515
312 1993 401 2049 nuper
411 1975 556 2030 honoratas
566 1991 685 2040 summo,
698 1992 758 2031 mea
769 1975 894 2040 vulnera,
912 1994 938 2031 c·

312 2050 440 2107 videritis
451 2049 545 2105 stelias
556 2049 625 2116 illio,
637 2050 687 2106 ubi
698 2051 821 2106 circulus
832 2069 913 2107 axem

313 2127 430 2183 ultimus
441 2133 596 2181 extremum
611 2126 756 2198 spatioque
767 2126 937 2182 brevissimu

310 2204 360 2259 Est
369 2220 444 2267 vero,
456 2219 507 2257 cur
517 2201 582 2274 quis
592 2203 725 2257 lunonem
738 2202 845 2257 laedere
857 2203 927 2258 nolit

310 2278 498 2352 offensamque
513 2275 628 2334 tremat?
647 2294 718 2350 quae
729 2294 843 2349 prosum
853 2278 911 2333 sola

256 2364 295 2408 52⁰
309 2353 332 2409 0
343 2354 598 2428 egoquantumegil
611 2362 775 2426 quamvasta
781 2355 938 2423 potentian

267 2429 380 2509 Hlessc
390 2428 532 2485 hominem
541 2430 627 2494 vetui,
641 2428 710 2484 iacta
721 2436 763 2482 est
773 2428 834 2483 dea.
845 2428 892 2484 Sic
903 2449 937 2505 eg

345 2503 440 2558 ntibus
450 2506 572 2576 impono,
586 2506 627 2560 sic
637 2512 679 2559 est
688 2520 747 2559 mea
758 2521 857 2579 magna
869 2516 938 2577 pote

311 2603 341 2678 ,pa
353 2578 440 2675 suffit
450 2581 593 2652 antiquam
606 2579 704 2635 faciem
716 2579 867 2652 vultusque
879 2581 938 2637 feri

256 2636 295 2681 555
314 2679 412 2771 mmsis
423 2691 446 2732 ε,
462 2650 591 2726 Argolica
601 2653 677 2727 quod
687 2655 716 2709 in
727 2665 789 2711 ante
800 2658 918 2712 Phoroni

518 2788 659 2881 Λ
