1876 3480
141 178 175 230 20
336 181 365 225 Ρ.
387 178 517 226 OVIDII
534 177 703 225 NASONIS

86 295 125 339 500
143 283 342 356 Apidanusque
353 298 439 336 senex
449 279 576 353 lenisque
588 280 758 355 Amphrysos
769 289 796 336 et
805 280 889 351 Aeas,

141 376 262 430 moxque
273 373 368 411 amnes
377 355 439 421 0111,
456 357 515 428 qui,
527 373 581 428 qua
591 355 655 411 tulit
666 357 786 429 impetus
796 356 870 424 illos,

143 436 171 489 in
184 451 257 488 mare
267 432 409 487 deducunt
419 431 505 487 fessas
517 432 656 488 erroribus
668 433 767 488 undas.
895 496 899 503 1

141 509 260 565 Inachus
270 525 344 563 0005
354 507 445 572 abest,
465 509 578 580 imoque
589 508 746 564 reconditus
757 517 835 565 antro

142 584 252 639 fletibus
262 592 344 658 auget
357 599 456 654 aquas,
477 591 624 656 natamque
635 584 808 638 miserrimus
818 586 847 638 lo

86 672 125 715 585
144 659 220 734 luget
230 669 260 715 00
270 660 410 714 amissam.
443 660 547 724 Nescit,
559 660 653 714 vitane
663 658 780 723 fruatur,

141 754 176 790 nn
187 737 223 790 sit
233 734 306 807 apud
312 736 419 790 Manes:
437 734 486 789 sed
492 751 575 806 quam
586 752 641 791 000
647 735 890 808 invenitusquam,

141 829 201 866 0550
212 819 290 883 putat
300 827 452 882 nusquam,
470 819 552 882 atque
562 811 654 866 animo
664 810 757 882 peiora
768 819 890 866 veretur.

140 887 251 942 Viderat
262 903 276 940 a
288 887 377 957 patrio
386 886 547 941 redeuntem
557 887 682 960 Iuppiter
691 884 769 941 illam

139 961 263 1025 flumine,
277 968 316 1015 et:
329 959 366 1016 »Ο
376 962 456 1035 01030
465 962 530 1017 love
540 961 633 1035 (11300,
647 969 750 1034 tuoque
760 961 873 1017 beatum

84 1049 124 1094 500
142 1039 236 1093 005010
247 1053 329 1109 quem
340 1035 443 1092 lactura
454 1045 522 1102 toro,
535 1044 607 1110 pete,
623 1036 740 1102 dixerat,
752 1038 867 1093 umbras

141 1113 296 1170 authorum
311 1129 455 1168 nemorum
468 1121 516 1169 000
529 1113 628 1168 horum
643 1111 680 1185 (et
692 1121 892 1261 mopstraverat

636 1188 750 1252 ambas,

140 1265 206 1319 dum
216 1262 287 1319 calet
296 1271 323 1318 et
333 1263 424 1318 medio
435 1261 476 1319 sol
488 1272 529 1318 est
539 1261 692 1319 altissimus
702 1264 778 1319 orbe.

139 1337 218 1406 Quod
228 1340 252 1394 si
263 1338 320 1394 sola
330 1339 411 1394 times
422 1336 539 1394 latebras
550 1339 652 1394 intrare
662 1338 792 1402 ferarum,

142 1415 268 1488 praeside
279 1423 336 1470 tuta
347 1414 398 1470 (100
409 1431 553 1470 nemorum
562 1423 666 1470 5000000
677 1414 796 1479 subibis,

85 1504 123 1547 505
142 1508 193 1546 000
203 1492 237 1546 (10
248 1489 329 1563 plebe
340 1490 401 1555 deo,
414 1490 463 1545 sed
474 1490 523 1562 qui
537 1488 666 1546 coelestia
677 1507 777 1564 000300

140 1575 247 1638 sceptra
258 1584 341 1621 manu
352 1575 445 1630 teneo,
461 1566 510 1620 sed
524 1566 573 1637 qui
589 1582 658 1639 vaga
669 1564 787 1622 fulmina
798 1568 887 1622 mitto.

138 1645 178 1698 Ne
190 1641 255 1715 luge
266 1642 322 1696 mel
341 1640 465 1714 fugiebat
475 1641 559 1695 enim.
592 1642 649 1696 lam
660 1659 762 1713 pascua
773 1643 887 1700 Lernae.

138 1717 298 1788 consitaque
309 1716 453 1770 arboribus
463 1717 566 1790 Lyrcea
577 1715 728 1789 reliquerat
740 1736 815 1783 arva,

140 1809 227 1866 quum
238 1792 307 1846 deus
318 1790 430 1846 inducta
441 1790 508 1848 latas
520 1790 640 1868 caligine
652 1800 739 1848 terras

83 1880 122 1924 000
140 1867 271 1932 occuluit,
284 1867 428 1938 tenuitque
442 1867 536 1942 lugam
550 1868 697 1941 rapuitque
710 1868 855 1941 pudorem.

138 1948 242 2000 Interea
253 1942 359 1997 medios
369 1942 437 1998 Iuno
451 1943 579 2016 despexit
591 1943 721 2019 1003005,

138 2030 165 2076 00
174 2019 262 2074 000015
276 2017 375 2072 faciem
385 2016 501 2074 nebulas
511 2018 611 2074 fecisse
621 2019 750 2076 volucres

139 2095 192 2152 sub
203 2093 291 2149 nitido
301 2094 397 2148 mirata
409 2094 463 2159 dle,
476 2112 530 2150 non
540 2092 664 2150 fluminis
674 2095 738 2152 illas

139 2189 210 2236 esse,
222 2187 274 2224 nec
284 2170 410 2225 humenti
421 2172 508 2226 sensit
517 2169 617 2227 tellure
631 2172 743 2237 remitti,

83 2259 122 2304 005
140 2257 222 2321 atque
233 2264 301 2301 5005
312 2244 415 2302 coniux
425 2245 530 2312 ubisit,
546 2247 745 2319 circumspicit,
763 2256 794 2303 00
804 2266 875 2321 quae

139 2323 268 2395 deprensi
279 2323 359 2378 toties
368 2319 439 2377 bene
449 2331 542 2378 nosset
552 2322 624 2378 furta
634 2324 736 2378 mariti.

138 2397 227 2466 Quem
233 2398 521 2471 postquamcoelonon
532 2399 647 2472 reperit:
659 2397 728 2454 »Ant
738 2416 789 2473 ego
796 2398 885 2465 fallor,

140 2484 247 2550 000030
258 2472 363 2528 laedor«
378 2477 424 2540 ait,
437 2474 646 2548 delapsaqueab
657 2474 767 2531 aethere
777 2494 887 2532 summo

137 2552 260 2606 constitit
269 2551 298 2604 in
309 2552 402 2615 terris,
420 2549 592 2624 nebulasque
604 2551 732 2607 recedere
742 2552 835 2608 iussit.

83 2637 122 2682 000
141 2626 274 2701 Coniugis
285 2624 434 2682 adventum
444 2635 643 2700 praesenserat,
656 2629 741 2699 inque
753 2630 886 2685 nitentem

130 2702 283 2758 Inachidos
295 2701 390 2759 vultus
400 2702 615 2761 mutaverat‘ille
623 2704 784 2761 iuvencam.
