1876 3480
159 161 209 215 2l8
354 164 381 208 1³.
401 162 531 211 ovum
549 160 722 208 NASONIS

103 276 143 322 434
159 285 229 340 quos
241 267 307 340 egit,
321 264 417 321 rediit:
436 263 500 320 fatis
511 264 693 321 iuvenescere
704 261 809 319 debent

161 342 298 399 Callirhoe
309 342 411 416 geniti,
432 358 486 395 non
497 340 658 405 ambitione,
672 356 724 395 nec
735 339 831 396 armis.

159 420 214 474 Vos
224 420 316 483 etiam,
330 435 442 490 quoque
453 416 505 472 hoc
516 418 609 471 anime
619 414 735 472 meliore
746 415 849 481 ieratis,

159 514 203 550 me
213 513 324 568 quoque
340 494 392 548 lata
403 502 515 567 regunt:
539 510 610 566 quae
621 492 646 546 si
657 501 766 548 mutare
777 490 896 557 valerem,

161 590 212 626 nec
224 580 349 626 nostrum
361 569 416 624 seri
427 576 576 624 curvarent
585 568 696 624 Aeacon
707 569 785 635 anni,

103 655 143 702 434
160 655 383 720 perpetuumque
395 646 457 700 aevi
468 643 904 700 lloremllhadamanthushaberet

160 740 225 778 cum
235 723 325 779 Minoe
336 737 407 784 mee,
421 720 471 793 qui
481 730 593 793 propter
603 738 695 776 amara
706 729 834 777 senectae
873 724 877 731 '

161 797 283 871 pondera
294 797 457 871 despicitur,
471 814 522 851 nec
533 814 589 868 quo
599 797 679 869 prius
688 796 787 852 ordine
797 806 903 871 regnata

158 877 235 930 Dicta
245 875 319 930 lovis
330 889 441 928 movere
452 872 531 928 deos:
545 889 596 928 nec
606 873 727 928 sustinet
739 872 824 939 ullus,
926 920 930 927 .

160 968 247 1024 quum
268 949 381 1017 videant
401 946 489 1004 fessos
508 947 740 1005 Rhadamanthon
764 958 792 1005 et
810 948 903 1005 Aeacon

661 1042 745 1080 annis

105 1109 145 1155 444
162 1111 189 1157 44
199 1103 300 1166 lllinoa,
314 1101 404 1174 queri.
434 1098 498 1168 Qui,
511 1099 579 1155 dum
589 1098 642 1155 fuit
653 1101 763 1176 integer
773 1102 844 1167 aevi,
925 1094 930 1155 Ῐ

160 1186 293 1232 terruerat
303 1193 417 1250 magnas
429 1177 490 1248 ipso
501 1192 613 1248 quoque
623 1177 738 1232 nemine
747 1186 853 1252 gentes.
929 1244 933 1251 Ι

163 1255 240 1308 Τ444
251 1260 308 1306 4444
318 1249 470 1317 invalidus,
482 1251 692 1325 Deionidenque
703 1253 834 1309 iuventae

162 1328 259 1383 robore
269 1327 395 1383 Miletum
405 1327 573 1400 Phoeboque
583 1336 697 1399 parente
707 1329 860 1402 superbum

161 1405 315 1476 pertimuit,
329 1401 502 1475 credensque
512 1404 573 1458 suis
584 1405 730 1478 insurgere
742 1406 846 1480 regnis,

104 1487 145 1534 445
161 1480 237 1535 haud
250 1489 341 1535 tamen
353 1487 395 1535 est
405 1479 502 1552 patriis
514 1496 607 1534 444444
618 1480 769 1552 penatibus
780 1498 872 1537 ausus.

161 1556 263 1628 Sponte
274 1555 360 1630 fugis,
372 1554 475 1620 Milete,
486 1563 547 1624 tua3
565 1554 706 1628 celerique
720 1559 816 1613 carina

82 1600 107 1647 υ
162 1633 285 1705 Aegaeas
296 1631 403 1686 metiris
413 1649 509 1704 aquas,
524 1638 550 1686 et
563 1632 593 1686 in
603 1631 688 1687 Aside
702 1641 775 1688 terra

163 1709 271 1762 moenia
283 1707 429 1762 constituis
440 1708 570 1779 positoris
581 1707 711 1763 habentia
725 1726 838 1765 nomen.

163 1783 861 1858 llictibi,dumsequiturpatriaecurvaminaripae,

105 1865 145 1912 444
162 1859 218 1913 filia
231 1859 370 1915 Maeandri
382 1859 463 1913 toties
473 1858 615 1914 redeuntis
626 1859 724 1915 eodem

162 1935 271 2008 cognita
284 1934 400 2008 Cyanee,
414 1936 564 2007 praestanti
574 1952 688 2008 corpore
699 1937 835 2011 nympha,

160 2010 277 2084 Byblida
289 2028 353 2064 cum
364 2010 458 2066 Cauno
470 2010 576 2082 prolem
590 2020 632 2067 est
642 2013 725 2067 enixa
736 2012 889 2087 gemellam.

160 2086 256 2159 Byblis
267 2088 296 2140 in
307 2084 435 2158 exemplo
445 2095 496 2150 est,
504 2095 535 2141 ut
546 2097 638 2142 ament
650 2105 783 2144 concessa
795 2087 906 2162 puellae:

161 2162 256 2235 Byblis
266 2161 408 2234 Apollinei
419 2171 543 2234 correpta
554 2163 687 2235 cupidine
700 2162 795 2220 fratris

107 2245 146 2291 444
163 2257 217 2292 non
228 2256 304 2293 soror
314 2247 345 2292 ut
358 2238 479 2303 fratrem,
492 2255 543 2293 nec
553 2256 607 2311 qua
619 2238 748 2305 debebat,
764 2241 875 2297 amavit.

162 2315 211 2368 llla
223 2314 338 2386 quidem
350 2315 439 2386 primo
450 2312 543 2369 nullos
556 2314 688 2388 intelligit
699 2316 797 2389 ignes:

164 2408 215 2444 nec
226 2408 340 2462 peccare
352 2398 439 2462 putat,
452 2390 528 2462 quod
538 2391 651 2462 saepius
661 2391 760 2448 oscula
769 2393 875 2468 iungat,

165 2466 239 2537 quod
250 2484 299 2521 sua
310 2465 429 2522 fraterno
443 2465 596 2521 circumdet
606 2467 720 2522 brachia
732 2467 821 2525 eollo:

164 2542 347 2614 mendacique
359 2542 408 2597 diu
419 2542 529 2615 pietatis
540 2541 646 2598 fallitur
656 2543 768 2599 umbra.

108 2623 149 2670 444
165 2617 302 2672 Paulatim
313 2617 434 2673 declinat
443 2635 527 2683 amor,
542 2619 692 2690 visuraque
703 2617 819 2675 fratrem

162 2691 237 2753 culta
249 2695 336 2762 venit,
348 2695 526 2766 nimiumque
535 2694 614 2765 eupit
622 2693 742 2751 formosa
753 2695 860 2752 videri:
