1876 3480
122 145 157 202 dl
313 151 340 197 P.
361 150 489 200 ovlnn
507 151 675 200 nasonts

66 264 106 308 700
123 253 251 324 Panaque
261 268 348 323 quum
357 269 484 324 prensam
494 253 549 308 sibi
562 252 738 329 iamSyringa
748 262 865 327 putaret,

122 344 234 398 corpore
247 344 296 400 pro
307 328 444 402 nymphae
453 325 571 385 calamos
581 330 703 384 tenuisse
713 330 864 402 palustres:

123 403 246 475 dumque
256 403 295 456 ibi
306 405 435 476 suspirat,
448 413 535 459 motos
546 405 575 458 in
585 404 720 460 arundine
731 415 828 461 ventos

122 479 245 537 elleoisse
255 495 353 533 sonum
362 487 473 534 tenuem
486 478 662 552 similemque
673 482 809 553 querenti,

122 564 179 610 arte
190 572 259 609 nova
270 555 402 626 vocisque
415 555 498 609 deum
511 554 658 609 dulcedine
669 564 780 627 captum

65 639 105 684 010
124 630 195 684 »Hoc
205 629 275 684 mibi
287 629 435 684 concilium
444 638 545 695 tecum,
556 630 671 694 dixisse,
683 631 820 686 manebit«

121 714 204 776 atque
216 707 253 759 ita
264 705 421 775 disparibus
431 703 543 760 calamis
556 705 717 778 compagine
728 722 807 761 cerae

121 780 193 834 inter
202 796 232 834 se
242 780 344 833 iunctis
354 796 453 834 nomen
464 780 585 834 tenuisse
595 779 714 851 puellae.

123 855 198 910 Talia
208 854 332 908 dicturus
343 854 413 909 vidit
424 853 565 926 Cyllenius
575 870 670 908 omnes

122 928 304 985 succubuisse
315 927 423 994 oculos,
438 929 621 1000 adopertaque
632 928 737 983 lumina
747 945 856 985 somno.

67 1016 105 1057 715
123 1004 278 1075 Supprimit
288 1003 425 1074 extemplo
434 1020 540 1067 vocem,
553 1004 696 1075 firmatque
709 1020 836 1075 soporem

122 1077 252 1150 languida
262 1077 436 1149 permulcens
447 1078 579 1133 medicata
591 1077 695 1133 lumina
705 1081 795 1153 virga.

121 1154 178 1208 Noc
189 1170 277 1216 mora,
290 1151 386 1207 falcato
396 1161 535 1208 nutantem
545 1151 672 1209 vulnerat
681 1170 757 1216 ense,

123 1244 177 1299 qua
187 1225 257 1281 collo
268 1234 309 1281 est
318 1227 425 1282 confine
435 1236 530 1300 caput,
542 1245 664 1300 saxoque
675 1236 820 1283 cruentum

123 1301 218 1357 deiicit
233 1309 260 1355 et
274 1302 393 1357 maculat
406 1312 579 1375 praeruptam
593 1304 728 1376 sauguine
742 1320 850 1375 rupem.

66 1386 106 1430 770
162 1376 244 1450 Arge,
257 1377 343 1445 iaces;
361 1377 491 1450 quodque
506 1379 535 1433 in
549 1387 587 1433 tot
597 1378 702 1507 limina
712 1377 806 1435 lumen
817 1376 865 1433 ha·

633 1470 648 1507 e
668 1471 707 1518 as,

123 1526 274 1581 extinctum
284 1537 334 1592 est,
347 1526 611 1600 centumqueoculos
622 1536 865 1599 noxoccnpatunn.

120 1600 232 1672 Excipit
243 1603 292 1657 hos
303 1603 480 1673 volucrisque
490 1620 556 1657 suae
565 1601 691 1658 Saturnia
703 1604 804 1674 pennis

123 1674 239 1730 collocat
248 1685 275 1730 et
284 1677 402 1748 gemmis
414 1675 527 1730 caudam
537 1676 711 1733 stellantibus
725 1678 832 1749 implet.

159 1750 287 1804 Protinus
297 1751 408 1814 exarsit,
420 1767 471 1804 nec
481 1759 601 1823 tempora
613 1751 720 1807 distulit
730 1753 796 1816 irae,

67 1835 106 1879 72⁵
125 1823 343 1896 horriferamque
353 1823 440 1879 oculis
451 1826 598 1898 animoqnc
608 1827 709 1881 obiecit
719 1827 843 1900 Erinnyn

121 1897 230 1971 pellicis
240 1898 394 1972 Argolicae,
407 1898 589 1972 stimulosque
600 1902 628 1955 in
639 1910 749 1973 pectore
759 1918 854 1956 caecos

122 1972 255 2037 condidit,
268 1982 294 2028 et
303 1972 448 2048 profugam
459 1992 508 2046 per
518 1984 605 2030 totum
616 1977 713 2031 terruit
722 1976 828 2031 orbem.

120 2047 240 2104 Ultimus
251 2049 385 2103 immenso
395 2049 526 2112 nestabus,
542 2049 613 2114 Nile,
627 2049 724 2106 labori.

121 2122 208 2190 Quom
218 2122 302 2177 simul
313 2140 344 2178 ac
355 2124 444 2196 tetigit
452 2123 605 2197 positisque
619 2125 648 2178 in
658 2126 782 2198 margine
791 2124 866 2197 ripae

67 2208 108 2253 700
125 2199 273 2270 procubuit
282 2199 401 2272 genibus
411 2199 597 2271 resupinoque
608 2199 692 2254 ardua
702 2199 782 2265 collo,

126 2289 194 2343 quos
205 2274 294 2344 potuit
303 2273 375 2330 solos
386 2272 485 2328 tollens
495 2272 529 2327 ad
539 2273 629 2328 sidera
638 2273 742 2340 vultus,

124 2356 150 2401 et
160 2349 264 2419 gemitu
275 2358 301 2402 et
311 2347 431 2403 lacrimis
443 2356 469 2402 et
480 2345 613 2403 luctisono
623 2351 732 2421 mugitu

123 2436 187 2475 cum
198 2423 261 2475 love
271 2422 331 2477 visa
341 2423 422 2494 queri
432 2430 482 2486 est,
491 2422 709 2494 finemqueorare
720 2423 865 2479 malorum.

125 2494 256 2567 Coniugis
266 2495 314 2550 ille
324 2514 390 2552 suae
400 2495 561 2568 complexus
572 2496 642 2552 colla
653 2497 771 2562 lacertis,

68 2578 108 2623 tto
125 2568 201 2623 finiat
211 2578 241 2622 ut
251 2586 351 2639 poenas
362 2571 481 2635 tandem,
494 2581 585 2646 rogat:
603 2573 703 2643 »Inque
714 2571 839 2627 futurum

126 2660 198 2715 pone
212 2653 310 2710 metus,
326 2645 427 2718 inquit,
439 2664 583 2720 nunquam
593 2647 645 2701 tibi
655 2664 752 2703 caussa
762 2647 866 2702 doloris
