1876 3480
31 648 428 699 'HET-AMORPHOSEON
447 650 516 695 LIB.
536 648 582 699 Vi.
643 647 692 701 ⁴27

31 753 83 809 tin
93 753 215 824 incepto,
227 748 400 822 stolidaeque
410 751 542 823 cupidine
551 752 658 825 palmae
722 769 746 811 sa

38 828 95 885 fata
104 828 172 883 ruit.
202 828 299 899 Neque
309 827 383 881 enim
393 828 456 882 iove
467 835 528 883 nata
540 840 657 896 recusat,

31 912 94 961 unet
103 903 233 968 ulterius,
248 920 300 958 nec
311 903 365 957 iam
377 904 526 959 certamina
536 904 637 963 differt.

31 998 114 1045 nora,
125 979 282 1035 consistunt
293 978 414 1034 diversis
426 980 552 1051 partibus
563 982 669 1048 amhae,

31 1056 75 1113 :ili
85 1056 213 1131 geminas
225 1055 374 1111 intendunt
384 1056 502 1111 stamine
513 1055 592 1111 teias.

31 1150 82 1208 ago
93 1133 186 1188 vincta
195 1139 246 1195 est,
258 1139 365 1186 sumen
376 1133 495 1187 secernit
504 1132 619 1198 arundo,
722 1148 748 1191 55

31 1227 69 1265 tur
79 1208 206 1264 medium
216 1207 303 1263 radiis
314 1207 459 1262 subtemen
472 1209 571 1273 acutis,

31 1285 106 1360 tigisi
115 1283 271 1357 expediunt
281 1291 362 1355 atque
373 1284 445 1338 inter
454 1285 572 1340 stamina
578 1284 692 1343 ductum

31 1378 70 1418 iso
80 1359 186 1416 feriunt
195 1360 294 1415 insecti
307 1360 416 1432 pectine
430 1359 536 1414 dentes.

31 1455 59 1493 ie
70 1436 185 1493 festinat
194 1437 357 1509 cinctaeque
368 1436 403 1492 ad
413 1444 522 1508 pectora
535 1444 625 1494 vestes

32 1513 141 1570 adonta
151 1520 272 1576 movent,
284 1512 377 1567 studio
389 1510 500 1567 fallente
512 1512 643 1572 laborem.
722 1528 749 1571 tt

42 1590 161 1665 Tyrium
169 1605 241 1661 quae
252 1605 375 1660 purpura
389 1589 477 1644 sensit
487 1591 587 1645 aenum

36 1663 627 1813 :ttttttttiitttitttitt

46 1839 51 1868 i
60 1817 170 1892 ingenti
181 1815 296 1891 longum
306 1817 467 1872 curvamine
477 1816 600 1874 coelum:

50 1894 154 1951 diversi
165 1892 270 1949 niteant
279 1910 368 1966 quum
379 1891 456 1948 mille
467 1892 582 1957 colores,
723 1907 749 1950 ts

56 1989 70 2025 s
81 1970 144 2042 ipse
154 1977 245 2026 tamen
255 1970 408 2042 spectantia
420 1968 525 2024 lumina
536 1966 617 2024 fallit.

62 2044 116 2102 deo
131 2045 206 2119 quad
219 2047 307 2119 tangit
320 2045 394 2101 idem
411 2053 466 2100 est:
489 2054 580 2100 tamen
595 2047 694 2103 ultima

440 2121 553 2178 distant.

72 2204 153 2252 ntum
164 2194 219 2251 iilis
229 2196 390 2252 immittitur
399 2214 508 2263 surum,

74 2275 97 2328 'n
109 2272 162 2327 teia
172 2270 320 2329 deducitur
332 2281 538 2347 argumentum.

79 2347 172 2404 Pallas
182 2347 330 2421 scopulum
340 2350 472 2406 Mavortis
482 2350 512 2405 in
523 2367 585 2405 arce
722 2363 749 2405 to

92 2425 236 2496 antiquam
246 2424 281 2479 de
292 2433 379 2482 terrae
388 2426 501 2481 nomine
515 2426 603 2482 litem.

90 2498 196 2556 elestes
206 2499 299 2556 medio
308 2503 372 2557 love
381 2501 498 2558 sedibus
508 2501 572 2558 altis

94 2577 203 2633 ‘avitate
216 2576 324 2634 sedent.
357 2576 412 2633 Sua
422 2595 563 2652 quemque
573 2577 689 2634 deorum

99 2653 174 2708 teies.
204 2654 277 2710 Iovis
291 2661 334 2709 est
343 2653 445 2729 regalis
456 2656 559 2729 imago.

104 2747 111 2785 ι
122 2728 226 2805 pelagi,
239 2728 378 2804 longoque
390 2729 472 2787 ferire
483 2730 602 2787 tridente
724 2742 750 2786 tt

109 2805 201 2872 isacit,
218 2806 366 2879 medioque
378 2824 393 2862 e
403 2806 521 2863 vulnere
530 2807 592 2864 saxi

113 2884 206 2939 erum:
220 2900 275 2956 quo
285 2884 402 2958 pignore
412 2884 537 2940 vindicet
546 2883 655 2940 urbem,

119 2957 250 3035 elypeum,
264 2960 310 3017 dat
320 2968 417 3016 acutae
428 2960 554 3034 cuspidis
564 2960 681 3026 hastam,

124 3036 210 3109 rapiti,
222 3036 382 3093 defenditur
391 3036 490 3113 aegide
499 3044 611 3111 pectus:

131 3129 157 3167 ie
168 3130 218 3169 sua
229 3112 343 3170 simulat
352 3113 387 3170 de
397 3113 514 3187 cuspide
524 3121 625 3170 terram
723 3120 750 3164 tt

134 3189 315 3248 recismetum
323 3188 576 3252 canentisciiuae:
