1876 3480
160 126 210 178 366
354 130 385 174 Ρ.
407 128 531 176 oviutt
550 128 722 173 Nasonis

159 228 912 305 quaequesitimtulerant,stagnatapaludibushument

101 321 141 364 tto
156 311 206 363 llic
218 306 307 362 sontes
317 316 412 362 natura
423 323 510 360 novos
520 306 623 368 emisit,
634 314 661 359 at
672 304 734 360 illic

159 383 267 443 clausit.
279 390 307 437 et
315 383 438 452 antiquis
449 390 504 436 tam
515 379 601 436 multa
612 381 782 435 tremoribus
792 381 868 436 orbis

158 458 272 513 {lumina
285 457 433 529 prosiliunt
443 467 490 511 aut
500 464 644 511 excaecata
656 455 795 511 residunt.

158 535 203 589 Sic
216 534 263 588 ubi
276 543 383 588 terreno
394 534 484 606 Lycus
495 541 536 586 est
546 541 645 603 epotus
656 531 745 596 hiatu,

156 610 266 665 exsistit
277 607 372 680 procul
384 608 450 662 hinc
459 607 569 679 alioque
580 608 735 662 renascitur
745 625 804 663 ore.

101 697 141 742 215
157 686 202 741 Sic
213 685 293 738 modo
303 683 480 746 combibitur,
494 682 574 737 modo
586 691 657 736 tecto
666 685 781 756 gurgite
793 683 886 754 lapsus

157 761 281 816 redditur
294 759 432 832 Argolicis
444 760 543 832 ingens
554 758 688 811 Erasinus
701 759 730 812 iu
743 761 830 813 arvis.

156 839 191 891 Et
200 838 309 908 Mysum
320 835 475 906 capitisque
486 834 675 905 sui'ripaeque
688 834 792 904 prioris

159 911 330 983 poenituisse
342 910 441 974 lerunt,
454 909 506 964 alia
519 926 592 963 nuuc
605 909 653 971 ire,
667 909 795 964 Caicum.

158 990 215 1041 Nec
226 1004 280 1040 non
291 985 414 1040 Sicanias
428 985 541 1039 volvens
552 984 714 1038 Amenanus
725 1003 824 1040 arenas

102 1073 142 1115 280
158 1079 231 1117 nunc
244 1060 312 1125 lluit,
326 1060 465 1115 interdurn
478 1060 638 1131 suppressis
651 1058 778 1115 lontibus
791 1070 859 1116 aret.

158 1139 228 1192 Ante
240 1137 395 1200 bibebatur,
409 1153 483 1190 nunc
493 1154 562 1207 quas
573 1136 736 1207 contingere
748 1137 832 1197 nolis.

160 1211 697 1283 funditAnigrosaquas,postquam,nisi
708 1210 907 1267 vatibusomuis

157 1287 299 1358 eripienda
311 1285 389 1350 fides,
405 1287 465 1341 illic
476 1287 566 1341 lavere
578 1285 750 1341 bimembres

159 1362 289 1425 vulnera,
306 1361 439 1435 clavigeri
451 1379 521 1434 quae
534 1362 634 1416 lecerat
644 1361 775 1416 Herculis
785 1380 874 1417 arcus.

102 1451 142 1493 285
158 1437 250 1505 Quid‘?
262 1456 315 1493 non
327 1447 352 1491 et
363 1436 906 1510 Scythicisllypanisdemontibusortus,

158 1515 206 1586 qui
222 1513 309 1568 fuerat
320 1513 421 1576 dulcis,
436 1513 543 1567 salibus
556 1513 668 1567 vitiatur
678 1512 802 1568 amaris?

159 1589 304 1644 Fluctibus
315 1589 433 1643 ambitae
446 1588 554 1642 fuerant
563 1587 673 1642 Antissa
684 1588 847 1660 Pharosque

160 1665 447 1737 etPhoenissaTyros:
460 1681 578 1735 qiiarum
591 1681 664 1717 nunc
675 1664 769 1718 insula
778 1664 852 1718 nulla
862 1670 905 1717 est.
925 1688 928 1699 ·

159 1739 283 1794 Leucada
295 1741 452 1794 continuam
466 1749 570 1792 veteres
583 1739 704 1793 habuere
715 1739 821 1794 coloni:

103 1827 142 1868 200
159 1833 232 1869 nunc
245 1815 310 1869 freta
322 1817 476 1868 circueunt.
493 1813 591 1868 Zancle
602 1832 715 1885 quoque
728 1816 823 1871 iuncta
830 1815 906 1870 luisse

158 1891 260 1945 dicitur
273 1890 381 1953 ltaliae,
399 1890 486 1944 donec
497 1890 613 1943 confinia
626 1899 729 1960 pontus

159 1965 282 2029 abstulit,
295 1977 321 2020 et
334 1966 422 2020 media
435 1965 562 2019 tellurem
575 1965 677 2035 repulit
688 1966 775 2021 unda.

158 2041 187 2095 Si
202 2060 317 2113 quaeras
332 2041 443 2094 llelicen
454 2051 480 2094 et
491 2042 585 2102 Burin,
598 2041 737 2094 Achaidas
750 2043 845 2105 urbes,

159 2118 286 2170 invenies
298 2117 351 2169 suh
362 2118 456 2187 aquis;
474 2125 501 2170 et
516 2116 607 2169 adhuc
617 2116 765 2171 ostendere
781 2129 875 2173 nautae

102 2201 141 2243 tit
158 2192 287 2245 inclinata
300 2190 389 2245 solent
400 2209 462 2245 cum
475 2192 620 2245 moenibus
630 2192 735 2262 oppida
748 2195 857 2248 mersis.

158 2268 207 2320 Est
218 2284 301 2338 prope
315 2267 450 2321 Pittheam
461 2267 585 2322 tumulus
597 2269 745 2332 Troezena,
759 2271 822 2324 siue
834 2269 892 2324 ullis

158 2341 261 2395 arduus
273 2342 427 2406 arboribus,
441 2342 578 2413 quondam
591 2343 755 2413 planissima
767 2347 858 2416 campi

158 2434 229 2478 area,
244 2435 317 2470 nunc
328 2417 466 2471 tumulus:
484 2436 557 2479 nam,
572 2436 614 2471 res
626 2417 765 2474 horrenda
778 2422 873 2484 relatu,

159 2493 202 2544 vis
212 2491 267 2546 iera
280 2501 433 2556 ventorum,
450 2495 539 2547 caecis
551 2493 659 2548 inclusa
670 2497 811 2561 cavernis

102 2576 141 2617 300
157 2568 297 2636 exspirare
308 2568 401 2638 aliqua
416 2563 541 2638 cupiens,
560 2569 717 2640 luctataque
729 2569 831 2628 frustra

157 2641 287 2696 liberiore
302 2641 356 2697 frui
367 2643 453 2706 coelo,
466 2661 553 2716 quum
564 2662 672 2698 carcere
684 2646 755 2700 rima
