1876 3480
123 161 172 215 246
316 165 346 210 Ρ.
367 163 686 212 OVIDHNASOMS

66 275 106 323 444
122 278 149 324 44
162 267 259 323 faciem
274 265 376 323 laudat.
409 265 548 335 Quaesitis
562 267 683 342 virginis
696 268 776 324 annis

119 345 191 409 ‘Par¹
203 345 250 407 ait,
263 351 305 398 est
314 343 459 418 Myrrhae?
480 343 569 411 Quam
578 353 727 416 postquam
737 342 858 400 adducere

618 420 696 476 14444
710 428 761 485 est,

123 505 209 569 utque
219 495 333 550 domum
343 494 435 560 rediit,
448 494 556 552 ‘Gaude
567 512 638 561 meo,
650 495 733 562 dixit,
746 495 856 553 alumna:

121 571 261 628 vicimus?
294 570 396 626 Infelix
408 589 462 627 non
473 580 529 627 toto
540 589 653 644 corpore
664 573 754 628 sensit

122 648 252 705 laetitiam
265 648 355 722 virgo,
367 665 555 721 praesagaque
565 657 676 721 pectora
687 657 817 705 moerent.

66 733 106 781 444
120 725 175 780 Sed
185 733 276 780 tamen
286 731 314 778 et
323 722 438 798 gaudet:
458 731 531 779 tanta
541 733 583 780 est
593 723 733 780 discordia
743 725 844 780 mentis.

122 804 243 874 Tempus
254 808 319 865 erat,
332 817 387 874 quo
401 810 499 856 cuncta
510 799 608 864 silent,
621 801 750 873 interque
762 801 858 856 Triones

123 877 235 932 flexerat
244 875 359 948 obliquo
369 874 523 948 plaustrum
536 885 645 932 temone
654 877 763 932 Bootes.

121 953 164 1009 Ad
175 952 284 1008 lacinus
295 952 372 1008 venit
382 951 431 1008 illa
442 970 534 1007 suum.
564 954 648 1026 Fugit
657 970 741 1009 aurea
753 952 824 1010 coelo

124 1027 203 1097 lune3
217 1036 314 1102 tegunt
323 1030 418 1102 nigrae
429 1028 563 1085 latitantia
573 1028 664 1085 sidere
678 1030 783 1100 nubee;

67 1113 107 1160 444
122 1123 178 1161 nox
187 1114 261 1160 caret
274 1105 338 1177 igne
350 1121 410 1160 suo.
440 1105 551 1161 Primus
562 1106 646 1180 tegis,
664 1107 754 1173 14444,
772 1105 856 1165 rutra,

123 1182 299 1255 Erigoneque
309 1181 356 1253 pio
367 1189 470 1236 sacrata
481 1182 602 1254 parentis
616 1199 720 1237 amore.

123 1258 175 1312 Ter
184 1255 264 1329 pedis
274 1255 372 1311 offensi
382 1258 463 1332 signo
474 1266 516 1314 eet
525 1267 660 1322 44444444,
674 1267 716 1314 444
725 1276 805 1316 omen

125 1333 255 1388 funereus
266 1331 341 1388 bubo
352 1333 428 1389 letali
437 1335 560 1390 carmine
569 1332 643 1389 lecit.

124 1410 148 1465 lt
157 1418 261 1474 444444,
279 1417 306 1464 44
314 1410 443 1466 tenebrae
454 1411 585 1465 minuunt
597 1427 710 1482 noxque
720 1420 777 1467 4444
788 1407 858 1484 pade

622 1503 691 1552 rem,

68 1569 108 1616 444
123 1561 296 1634 nutricisque
307 1579 419 1617 manum
432 1561 509 1618 14444
520 1571 603 1626 44444,
615 1562 700 1618 414444
712 1571 789 1619 motu

125 1655 237 1693 caecum
249 1638 300 1692 iter
311 1637 444 1710 explorat.
467 1637 592 1693 Thalami
603 1639 658 1693 iam
670 1638 768 1694 limine
777 1637 856 1710 tangit.

125 1715 236 1785 iamque
248 1713 319 1769 14444
330 1716 427 1786 aperit,
440 1716 495 1769 iam
506 1714 618 1770 ducitur
627 1716 717 1784 intus3
732 1714 810 1771 atilli

124 1788 229 1862 poplite
240 1790 374 1845 succiduo
383 1808 474 1864 genua
485 1792 664 1857 intremuere,
678 1791 805 1866 fugitque

126 1874 152 1920 44
163 1863 236 1920 44144
247 1874 274 1920 44
284 1867 409 1940 sanguis,
423 1868 590 1939 animusque
600 1866 716 1941 reliquit
726 1877 837 1924 euntem.

68 1949 109 1997 444
123 1941 239 2015 Quoque
250 1959 301 1997 suo
311 1943 423 2015 propior
437 1943 535 1998 sceleri
551 1952 606 2008 est,
624 1945 714 2018 magis
730 1944 827 2006 horret,
840 1948 859 1992 el

618 2037 681 2076 4444
822 2034 825 2043 ·

124 2095 255 2168 poenitet,
269 2102 295 2149 et
306 2092 389 2149 vellet
400 2111 454 2149 non
465 2096 574 2169 cognita
585 2112 667 2168 posse
677 2098 790 2152 reverti.

126 2170 305 2227 Cunctantem
316 2169 449 2245 longaeva
460 2188 544 2225 manu
554 2171 676 2237 deducit,
692 2181 719 2228 et
729 2172 785 2228 4144

125 2246 261 2303 admotam
272 2246 342 2302 lecto
352 2264 439 2320 quum
450 2246 576 2312 traderet,
586 2247 712 2322 ‘Accipe
726 2248 805 2312 dixit,

126 2324 177 2378 iste
189 2332 295 2386 tuaest,
309 2322 409 2397 Cinyra
418 2322 436 2376 l’
455 2323 607 2395 devotaque
619 2341 734 2398 corpora
748 2324 840 2380 iunxit.

69 2405 109 2452 444
124 2398 233 2472 Accipit
243 2399 379 2454 obscoeno
390 2400 498 2473 genitor
508 2417 557 2454 sue
569 2401 676 2456 viscera
689 2400 769 2466 lecto,

126 2476 321 2549 virgineosque
332 2483 422 2529 metus
434 2474 516 2540 14444,
533 2474 713 2548 hortaturque
725 2478 860 2532 timentem.

126 2551 251 2606 Forsitan
264 2552 360 2606 aetatis
371 2568 481 2625 quoque
492 2552 602 2606 nomine
610 2552 701 2607 ‘Filia'
714 2552 800 2609 dixit:

127 2624 200 2680 dixit
209 2636 236 2681 et
245 2627 293 2682 illa
301 2626 410 2692 ‘Pater'‚
423 2627 520 2682 sceleri
531 2645 565 2683 ne
576 2630 688 2684 nomina
700 2629 801 2684 desint.

118 2701 205 2762 Plena
214 2703 305 2781 patris
318 2704 451 2762 thalamis
461 2703 582 2770 excedit,
594 2714 623 2759 44
628 2706 717 2777 impia
726 2705 788 2767 diro
