1876 3480
131 145 183 201 352
324 149 351 194 Ρ.
372 147 500 194 ovum
518 145 687 194 uusoms

129 253 201 309 hanc
211 249 307 306 audire
318 247 404 314 votes,
416 265 488 321 quse
495 255 523 305 te
532 246 597 321 plus
606 247 740 306 omnibus
751 247 819 317 illis,

131 327 195 402 plus
209 343 293 399 qnam
302 323 402 391 credie,
414 341 485 389 amc,
502 322 631 398 vulgares
641 324 729 383 reiiee
738 325 834 391 taedas

127 404 367 474 Vertumnumque
375 400 428 457 teri
437 401 545 469 eonium
553 399 607 455 tibi
617 398 725 488 deliga:
737 417 789 473 pru
798 417 834 473 qu

128 496 172 534 me
187 477 411 552 quoquepignus
421 474 503 531 habe.
531 474 834 548 Nequeenrmsibinet

622 549 673 607 iile
684 559 735 616 est,

74 641 113 686 teu
128 646 213 703 quem
224 627 304 682 mihi.
327 625 385 682 Nec
394 633 451 682 tete
460 625 565 698 pnseim
574 641 665 700 rugus
676 634 749 684 erret
759 627 789 685 iu
799 627 834 685 eri

129 699 530 767 haeelocrsoueolic.nsc‚ubi
539 717 712 777 pammagsa
721 719 834 776 pmscru

129 796 213 854 quam
218 776 384 843 medovidit¹
396 784 479 833 amat.
500 777 541 832 Tu
551 775 660 848 primus
671 786 700 835 et
709 777 826 851 ultimus

129 854 283 919 emoreris,
295 849 405 926 celique
413 868 479 908 snos
487 851 540 907 tibi
550 851 670 910 devovet
679 870 780 911 annes.

127 930 214 997 Adde,
230 928 305 1002 qued
314 937 356 984 est
365 928 486 993 iuvenis,
498 926 574 1002 qued
584 929 712 985 naturale
720 929 827 986 deceris

73 1018 112 1062 ess
127 1024 229 1063 munus
240 1004 333 1070 habet,
345 1001 502 1076 formasque
511 1010 574 1076 apte
582 1002 706 1078 fingetur
715 1005 746 1061 in
755 1021 834 1061 omne

126 1091 153 1138 et
163 1081 237 1154 qued
248 1080 300 1136 erit
309 1080 414 1145 iussus,
428 1077 526 1135 iubeas
537 1077 602 1134 licet
611 1078 716 1146 omniu,
729 1081 788 1137 flet.

126 1156 213 1225 Quid,
229 1154 304 1234 quod
319 1155 416 1215 ematis
430 1151 524 1210 iden?
542 1154 630 1227 qued,
652 1171 726 1284 quae
736 1154 834 1228 tihipu

620 1245 653 1285 co
666 1239 762 1296 untur,

126 1306 233 1379 primus
242 1304 339 1370 habet,
356 1303 483 1379 laeteque
491 1311 567 1362 tenet
578 1312 626 1361 tera
636 1322 754 1369 munere
765 1305 834 1363 dext

124 1381 178 1437 Sed
187 1397 279 1454 neque
288 1380 343 1437 iem
354 1378 443 1439 tostus
453 1379 591 1436 desideret
600 1380 698 1437 arbore
708 1381 823 1446 demtus,

70 1471 109 1514 tec
122 1474 182 1522 nec,
199 1474 269 1530 quus
280 1456 375 1511 hortus
386 1455 444 1519 elit,
461 1471 525 1511 cum
535 1457 627 1513 succis
637 1457 756 1512 mitibus
768 1456 834 1512 here

125 1531 450 1605 necquidquemnisite.
465 1531 594 1587 Miserere
600 1531 834 1606 ardentis,etipsu

126 1607 199 1682 quod
210 1609 287 1679 petit,
299 1624 346 1662 ere
356 1623 417 1662 mec
427 1615 599 1678 praesentem
612 1607 695 1663 crede
704 1609 824 1680 precari:

123 1685 282 1755 ultoresque
293 1683 358 1738 dees
369 1691 396 1738 et
405 1690 514 1755 pectora
524 1681 592 1737 dura
603 1699 732 1755 perosam

123 1758 226 1815 Idalien
238 1775 442 1830 memoremque
452 1759 519 1813 time
529 1757 730 1813 Rhamnusidis
740 1760 817 1814 irem.

68 1847 107 1891 stt
121 1833 237 1906 Quoque
248 1835 336 1907 magis
347 1832 562 1906 timeae(etenim
572 1833 644 1887 mihi
654 1835 742 1889 multa
753 1840 834 1895 vetrut

125 1910 195 1964 sctre
206 1908 300 1982 dedit),
313 1908 428 1964 referem
439 1917 493 1964 tota
503 1909 646 1963 notissima
658 1908 750 1983 Cypro

124 1985 203 2049 iacta,
216 1985 319 2056 quibus
329 1982 401 2039 flecti
413 1983 493 2039 facile
505 1992 531 2039 et
541 1984 688 2040 mitescere
701 1986 801 2057 possis.

159 2059 270 2115 Viderat
280 2077 294 2114 e
305 2061 406 2115 veteris
417 2076 579 2132 generosam
588 2060 728 2132 sanguine
739 2058 829 2115 Teucri

124 2136 200 2208 Iphis
210 2134 382 2193 Anaxareten
395 2134 496 2191 humili
507 2133 542 2189 de
552 2135 639 2215 stirpe
649 2143 773 2190 creatus:

67 2222 107 2265 τοι)
122 2210 237 2273 viderat,
254 2219 281 2265 et
291 2212 354 2266 totis
365 2218 523 2287 perceperat
535 2210 647 2265 ossibus
658 2211 751 2284 ignee.
783 2262 787 2268 .

121 2288 307 2359 Luctatusque
318 2286 377 2347 diu.
394 2295 539 2358 postquam
549 2288 654 2340 ratione
665 2285 786 2342 furerem

123 2362 234 2415 vincere
245 2379 298 2415 non
310 2363 407 2431 potuit,
423 2360 543 2432 supplex
554 2359 588 2415 ad
600 2359 697 2416 limina
712 2363 798 2417 venit:

123 2445 150 2491 et
163 2435 243 2490 modo
253 2438 354 2492 nutrici
365 2438 497 2490 misarum
508 2435 652 2491 confessus
663 2454 791 2499 amorem.

122 2528 156 2565 ne
167 2512 221 2565 sibi
235 2512 302 2565 dum
315 2512 391 2575 feret,
408 2529 456 2583 per
469 2528 533 2582 spes
543 2513 632 2566 oravit
641 2512 784 2569 alumnae:

68 2595 105 2638 705
122 2594 148 2640 et
161 2587 241 2641 medo
252 2586 285 2641 de
297 2587 391 2642 multis
402 2586 543 2642 blanditus
553 2588 656 2659 cuique
670 2587 802 2644 ministris

116 2661 239 2721 sollicite
249 2663 331 2738 petiit
339 2679 508 2738 propensum
516 2678 584 2717 uoce
595 2662 730 2725 favorem.
