1876 3480
139 130 172 183 50
262 130 690 180 ’-Ρ.01’11)11ΝΑ3οΝ18
764 160 768 166 -
857 120 860 125 ¹

139 253 199 293 esse
213 233 284 291 velis
295 232 438 306 prolisque
448 248 526 288 meae
536 228 682 288 matertera
690 231 758 288 dici.
873 226 876 231 ⁴

137 314 221 367 Herse
232 327 328 364 caussa
339 310 401 364 viae
412 316 467 365 est:
480 307 573 364 faveas
582 325 692 364 oramus
703 310 831 365 amantio

137 387 264 458 Adspicit
277 386 352 440 hunc
361 384 450 440 oeulis
461 383 563 448 isdem,
579 384 684 456 quibus
695 383 788 440 abdita
799 402 888 458 nuper

138 462 245 517 viderat
255 459 390 534 Aglauros
401 459 487 515 llavae
497 467 602 514 secreta
612 459 763 525 Minervae,

82 551 121 594 tto
138 554 244 611 proque
255 537 409 591 ministerio
419 535 513 609 magni
524 534 580 589 sihi
590 534 721 606 ponderis
732 552 832 591 aurum

139 612 269 685 postulat.
299 613 403 666 Interea
417 611 496 666 tectis
507 609 641 665 excedere
651 611 734 684 cogit.

140 689 227 744 Vertit
238 687 272 742 ad
286 687 357 742 hanc
366 687 438 742 torvi
448 685 498 742 dea
509 684 610 741 bellica
621 684 737 740 luminis
747 687 852 750 orbem,

140 772 167 819 et
176 771 250 819 tauto
261 763 372 835 penitus
383 762 466 817 traxit
477 762 597 833 suspiria
608 769 693 825 motu,

139 847 169 894 ut
179 841 281 911 pariter
291 846 387 910 pectus
398 837 572 910 positamque
582 837 611 891 in
622 845 733 908 pectore
746 835 810 892 forti

83 928 123 970 755
138 913 236 987 aegida
246 921 414 969 concuteret.
444 912 534 977 Subit,
547 913 725 968 hancaroana
736 911 851 984 profana

141 990 279 1045 detexisse
289 1005 373 1043 manu
384 996 452 1053 tum,
466 1005 553 1060 quum
564 988 625 1042 sine
635 995 723 1042 matre
731 995 852 1044 creatam

140 1062 315 1120 Lemnicolae
325 1063 440 1135 stirpem
451 1071 545 1119 contra
555 1062 618 1118 data
629 1062 739 1118 foedera
749 1062 835 1119 vidit:
883 1100 886 1104 -

141 1149 167 1195 et
210 1146 337 1210 atamque
348 1137 400 1193 deo
412 1137 468 1193 iore
480 1140 543 1202 iam,
555 1147 717 1212 gratamque
727 1139 825 1202 sorori,

140 1224 167 1270 et
196 1215 262 1269 item
272 1222 372 1277 sumto,
384 1213 459 1284 quod
472 1231 552 1269 avara
563 1221 733 1286 poposcerat,
746 1230 823 1270 auro.

83 1302 123 1346 rto
139 1289 267 1344 Protinus
276 1288 401 1344 Invidiae
410 1289 490 1362 nigro
500 1288 655 1360 squalentia
665 1288 728 1344 tabo
781 1326 783 1331 ,

140 1373 210 1420 tecta
221 1365 300 1436 petit.
327 1365 430 1420 Domus
441 1372 482 1420 est
495 1365 561 1419 imis
574 1366 603 1419 in
617 1363 739 1420 vallibus
750 1365 821 1421 antri

140 1439 242 1504 abdita,
254 1439 314 1496 sole
326 1457 432 1505 carens,
447 1457 502 1496 non
514 1439 564 1495 ulli
574 1440 670 1512 pervia
680 1447 773 1505 vento,

140 1515 226 1572 tristis
238 1524 265 1571 et
273 1516 369 1590 ignavi
379 1514 542 1588 plenissima
555 1514 677 1589 frigoris,
690 1524 717 1571 et
726 1533 799 1588 quae

140 1593 205 1665 igne
215 1599 295 1647 vacet
304 1608 422 1663 semper,
436 1590 555 1664 caligine
564 1606 674 1663 semper
683 1591 816 1648 abundet.
847 1628 849 1632 -
882 1597 887 1649 ἶ

83 1678 123 1721 ret
138 1669 198 1722 lluc
209 1665 259 1720 uhi
269 1667 396 1737 pervenit
409 1665 482 1721 bello
493 1665 639 1722 metuenda
651 1667 755 1740 virago,

139 1741 262 1796 constitit
272 1748 334 1795 ante
344 1740 456 1795 domum
467 1740 889 1814 (nequeenimsuccederetectis

139 1816 180 1872 las
189 1815 282 1888 habet)
295 1824 322 1871 et
332 1824 424 1887 postes
434 1824 555 1872 extrema
566 1818 682 1889 cuspide
691 1817 794 1890 pulsat.

140 1892 296 1947 Concussae
304 1898 418 1962 patuere
432 1891 513 1947 iores.
547 1893 629 1949 Videt
638 1894 714 1949 intus
723 1893 850 1949 edentem

138 1967 265 2039 vipereas
275 1982 380 2031 carnes,
396 1968 528 2023 vitiorum
538 1968 667 2025 alimenta
678 1986 803 2034 suorum,

83 2053 123 2096 rto
134 2042 280 2106 Invidiam,
292 2041 409 2114 visaque
418 2041 513 2098 oculos
522 2046 631 2101 avertit.
663 2043 698 2100 At
707 2043 756 2101 illa

140 2119 230 2192 surgit
239 2118 324 2172 humo
334 2118 423 2191 pigre,
435 2134 660 2192 semesarumque
671 2119 805 2192 relinquit

140 2211 253 2266 corpora
263 2203 431 2266 serpentum,
446 2211 586 2266 passuque
597 2194 700 2251 incedit
710 2196 804 2252 inerti.

91 2311 95 2317 .
140 2271 230 2341 thue
239 2269 320 2325 deam
328 2269 400 2326 vidit
409 2268 551 2342 formaque
561 2271 702 2343 armisque
712 2271 849 2335 decoram,

141 2346 170 2400 in
192 2347 278 2401 emuit
288 2344 453 2418 vultumque
464 2345 531 2401 deae
544 2346 579 2402 ad
588 2347 710 2418 suspiria
720 2345 812 2403 duxit.

85 2431 124 2474 775
140 2361 230 2475 Pallor
240 2422 270 2475 in
279 2437 326 2475 ore
337 2421 423 2486 sedet,
436 2423 539 2476 macies
549 2422 578 2476 iu
589 2438 702 2494 corpore
713 2430 778 2487 toto,

142 2512 280 2567 nusquam
290 2505 363 2552 reeta
374 2497 457 2562 acies,
470 2496 558 2553 livent
568 2497 697 2571 rubigine
708 2497 815 2562 dentes,

141 2579 250 2642 pectora
261 2569 326 2625 felle
335 2573 435 2638 virent,
448 2571 544 2646 lingua
554 2580 596 2628 est
606 2572 711 2628 suffusa
723 2591 840 2628 veneno.

95 2660 98 2664 ’
141 2647 224 2701 Risus
237 2645 324 2711 abest,
335 2648 390 2703 nisi
400 2664 483 2720 quem
494 2648 549 2704 visi
559 2646 649 2704 iecere
658 2647 776 2713 dolores,
881 2676 886 2682 ·

406 2906 426 2945 q
