1876 3480
123 143 171 202 tro
314 140 344 201 r?
362 149 494 200 orrurr-
509 108 679 200 ussurus

267 345 429 405 trouu-
459 319 722 408 'uersu-us.

119 469 183 534 lam
195 480 314 535 nitidum
326 487 466 552 retegente
476 480 550 534 diem
560 478 708 551 noctisque
717 476 828 552 fugante

122 564 244 627 tempora
254 553 381 615 Luoifero
392 554 466 611 cadit
479 566 572 620 eurus,
588 563 616 610 at
628 553 750 610 humide
757 563 838 627 surgo

121 630 228 686 nubila.
258 632 328 686 Dant
337 629 440 703 placidi
450 647 563 686 cursum
574 629 757 686 redeuntibus
768 634 838 685 urstt

121 705 250 761 Aeacidis
260 705 446 778 Cephaloque,
462 706 568 778 quibus
581 705 763 762 fsiioiteraoti

67 793 79 836 5
122 790 186 837 aute
196 790 385 854 exspectatum
396 790 491 854 portus
504 791 620 838 tenuero
631 783 744 856 potitos.

123 858 229 913 Interea
239 858 329 914 Minos
339 857 467 931 Lelegeia
478 857 675 922 littora-vastati

123 942 330 1006 praetentatque
340 933 385 988 sui
395 935 469 989 vires
479 934 653 992 Mavortisiu
665 931 736 988 urbe
764 1002 768 1009 Ι
789 964 792 970 ·

123 1007 259 1073 Alcathoi,
272 1025 356 1081 quam
366 1010 451 1064 Nisus
461 1009 554 1075 habet,
569 1007 838 1082 cur-splssoiuosou

125 1085 197 1139 inter
211 1083 458 1141 honoratosmedio
469 1084 504 1140 de
513 1087 715 1142 verriosoanos

68 1171 95 1214 to
123 1161 208 1215 crinis
220 1160 389 1224 inhaerebat,
401 1160 709 1236 magnifidueia‘rugni:

163 1235 243 1290 Sexta
254 1236 437 1309 resurgebant
445 1236 562 1293 orientis
570 1235 775 1299 oomuuilutrae,

126 1318 153 1365 et
163 1310 301 1382 pendebat
311 1311 403 1368 adhue
413 1310 480 1366 belli
494 1311 612 1377 fortuna,
625 1311 740 1386 diuque

126 1386 198 1440 inter
208 1395 359 1458 utrumque
368 1385 548 1443 voiatdubiis
557 1386 797 1460 Victoriapmis.

126 1461 211 1536 Regia
223 1462 307 1518 turris
318 1471 375 1519 erat
387 1461 740 1528 voca-libusadditaurrurisa

71 1548 96 1591 15
128 1538 733 1612 inquihusauratamprolesLatoniuiurtur

128 1612 292 1685 deposuisse
303 1615 404 1689 lyram:
425 1614 659 1672 saaosonuseius
669 1613 798 1670 inhaesit.

127 1689 215 1761 Saepe
225 1688 292 1744 illuc
303 1689 438 1746 soiiteest
447 1691 614 1746 adsooudere
627 1688 763 1754 thaureis

126 1774 153 1820 et
163 1775 255 1836 petere
264 1766 367 1839 exiguo
377 1768 611 1824 resonantis-sarra¹
619 1765 726 1839 lapillo,

127 1850 186 1896 tum
197 1857 283 1913 quum
295 1850 442 1912 pauosset.
472 1842 548 1898 Bello
559 1859 670 1915 quoque
680 1857 763 1914 saepe
774 1835 838 1895 soieb

72 1925 98 1968 ro
129 1915 360 1988 spectareearilla·
368 1917 451 1990 rigidi
463 1920 612 1973 certamina
621 1917 727 1975 Martis.

129 1992 838 2066 lamquemorabeiliprocerumquoqueuominanort

128 2085 257 2139 armaque
268 2085 410 2141 equosque
420 2067 589 2142 habitusque
600 2065 838 2144 Cydoneasque‘pit

627 2152 724 2200 retras.

131 2220 249 2274 Noverat
259 2228 320 2274 ante
331 2218 400 2274 alios
411 2217 510 2274 faciem
524 2219 604 2274 ducis
617 2221 766 2293 Europaei,

129 2293 192 2366 pius
203 2295 294 2358 etiam,
307 2311 391 2366 quem
401 2311 482 2350 nosse
492 2304 534 2351 sat
544 2302 595 2351 est.
614 2295 838 2352 Haoiudioediinr

74 2380 100 2423 25
127 2386 176 2424 seu
188 2377 272 2440 caput
280 2369 423 2427 abdiderat
433 2373 543 2427 cristata
554 2371 663 2427 casside
673 2371 784 2444 pennis,

131 2445 160 2497 in
171 2443 249 2516 geisa
263 2444 400 2499 formosus
411 2456 481 2514 orat;
499 2464 549 2502 seu
563 2457 700 2503 sumserat
710 2464 772 2503 aere

131 2517 283 2591 fulgentem
294 2519 435 2594 elypeum,
447 2521 577 2596 clypeum
588 2522 838 2579 sumsisssddosird

131 2595 256 2650 Torserat
266 2595 393 2652 adductis
404 2597 514 2653 hastilia
525 2598 597 2655 lenta
607 2598 731 2667 lacertis3

131 2669 259 2726 laudabat
273 2673 351 2748 virgo
362 2674 484 2730 iunctum
495 2691 559 2730 oum
570 2674 679 2731 viribus
690 2682 788 2731 artem.
