1876 3480
150 126 200 182 320
350 130 377 176 Ρ.
398 128 526 177 ov1n11
545 128 714 176 Nasonis

150 234 312 293 concutiens
323 242 350 291 et
360 233 448 290 tristis
458 232 510 289 ait:
528 233 602 288 »Non
614 231 731 297 falleris,
743 230 822 288 beros
916 226 921 233 '

94 322 133 369 666
149 312 287 369 maxime:
304 309 399 366 vidisti
414 317 539 366 natorum
548 310 676 381 quinque
686 317 834 381 parentem,

151 406 235 464 quem
255 404 330 444 nuno
355 385 439 461 (unm
459 384 586 441 homines
606 402 699 440 rerum
723 383 890 441 inconstantia

641 469 745 524 ,versat

151 558 238 614 paene
249 538 328 594 vides
339 537 449 594 orbum.
460 536 540 606 Quod
550 537 626 594 enim
637 537 708 593 mihi
720 460 795 593 lilius
806 536 890 592 absens

152 615 309 673 aurrilium‘.l
319 632 403 688 quem
413 613 486 672 dicta
498 630 548 670 suo
559 613 593 669 ds
605 615 718 670 nomine
728 612 811 670 tellus

150 691 257 749 Andros
273 691 356 749 habet
371 707 420 764 pro
438 699 529 764 patre,
553 688 702 765 locumque
722 699 750 746 et
768 697 890 764 regnate

649 775 773 823 nentem.

95 859 134 902 666
149 846 244 902 Delius
254 843 404 918 augurium
414 841 491 898 dedit
501 841 576 908 huic,
590 841 667 899 dedit
678 842 764 899 alters
773 842 852 899 Liber

152 922 288 978 femineae
299 920 379 992 stirpi
390 928 454 975 voto
464 919 566 975 maiora
578 918 688 992 fideque
928 918 933 931 “

151 1016 280 1054 munera:
294 1013 359 1052 nam
369 1004 443 1052 tactu
454 1004 579 1052 natarum
590 1004 689 1052 cuncta
700 1012 825 1053 mearum

150 1077 178 1130 in
190 1082 313 1149 segetem
324 1072 489 1145 laticemque
500 1072 570 1127 meri
584 1071 757 1146 baccamque
767 1073 890 1129 llinervss

150 1148 426 1213 transformabuntur,
438 1148 574 1221 divesque
584 1155 642 1204 erat
652 1165 724 1204 usus
734 1149 764 1204 in
775 1147 840 1204 illis.
929 1182 934 1213 ,-

94 1240 133 1284 666
148 1228 205 1282 Hoc
216 1225 266 1281 ubi
276 1225 407 1300 cognovit
416 1225 512 1281 Troiae
521 1223 667 1298 populator
677 1224 797 1291 Atrides,
932 1222 934 1254 ¹

151 1321 185 1358 ne
196 1319 250 1358 non
262 1319 297 1358 ex
308 1301 401 1374 aliqua
410 1310 530 1357 vestram
544 1301 667 1357 sensisse
676 1301 825 1375 procellam

151 1397 201 1436 nos
211 1395 322 1452 quoque
334 1388 410 1451 parte
421 1386 511 1451 putes,
528 1394 668 1434 armorum
679 1378 789 1434 viribus
799 1394 861 1434 usus

150 1456 285 1512 abstrahit
294 1456 397 1510 invitas
407 1455 514 1530 gremio
527 1454 671 1529 genitoris,
684 1453 816 1528 alantque

149 1533 268 1604 imperat
278 1530 435 1606 Argolicam
445 1531 557 1587 coelesti
570 1547 685 1587 munere
696 1530 823 1587 classem.

95 1620 133 1663 666
148 1607 292 1681 Effugiant
303 1624 357 1678 quo
368 1625 494 1680 quaeque
506 1615 604 1679 potest.
635 1607 750 1663 Euboea
761 1607 870 1669 duabus,
932 1650 934 1685 i

150 1692 177 1738 et
188 1683 302 1738 totidem
313 1684 384 1738 natis
395 1683 502 1739 Andros
514 1682 631 1738 fraterna
645 1685 732 1755 petita
745 1693 795 1740 est.

150 1758 230 1816 Miles
241 1758 327 1824 adest,
340 1769 367 1814 et
376 1761 405 1814 ui
416 1758 560 1822 dedantur,
573 1757 646 1815 bella
657 1761 790 1816 minatur.

149 1836 226 1890 Victa
239 1845 313 1890 metu
325 1838 412 1908 pietas
423 1836 557 1891 consortia
572 1844 681 1908 pectora
693 1854 798 1909 poenae

149 1911 283 1980 reddidit;
306 1921 332 1966 et
343 1912 439 1967 timido
450 1930 546 1984 posses
557 1914 700 1986 ignoscere
711 1913 800 1969 lratri.

94 2000 132 2043 666
148 1990 208 2044 Non
220 1988 264 2043 hic
275 1988 390 2053 Aeneas,
404 2006 467 2053 non,
480 1990 529 2062 qui
541 1988 701 2045 defenderet
711 1990 833 2053 Andron,

148 2066 246 2120 Hector
257 2073 322 2129 erat,
337 2083 385 2136 per
395 2083 464 2138 quos
476 2064 615 2120 decimum
626 2065 888 2122 durastisinannum.

149 2141 262 2213 lamque
273 2142 439 2212 parabantur
449 2142 566 2212 captivis
577 2141 669 2196 vincla
682 2143 807 2198 lacertis:

150 2215 214 2271 illae
226 2216 351 2272 tollentes
363 2218 513 2272 etiamnum
525 2217 610 2272 libera
621 2217 700 2273 coelo

150 2291 262 2348 brachia
271 2292 387 2347 ‘Bacche
398 2303 484 2364 pater,
492 2292 616 2364 leropem
626 2293 644 2348 l'
658 2294 771 2349 dixere:
785 2294 890 2366 tulitque

95 2378 134 2421 676
149 2369 272 2423 muneris
283 2378 376 2423 aurctor
386 2385 477 2440 opem,
490 2369 514 2422 si
526 2370 596 2424 miro
607 2369 722 2441 perdere
735 2389 810 2427 more

151 2442 221 2497 lerre
233 2454 345 2500 vocatur
355 2462 446 2517 opem.
476 2446 531 2498 Nec
542 2462 596 2517 qua
609 2447 712 2501 ratione
726 2449 841 2521 liguram

150 2519 334 2589 perdiderint,
351 2522 427 2594 potui
438 2521 518 2584 scire,
531 2530 578 2576 aut
588 2539 662 2577 nunc
673 2523 767 2578 dicere
779 2537 890 2597 possum.

148 2592 260 2649 Summa
272 2596 336 2650 mali
348 2607 408 2653 nota
420 2606 474 2651 est:
492 2614 596 2669 pennas
607 2616 744 2662 sumsere,
758 2611 870 2672 tuaeque

149 2671 278 2748 coniugis
289 2672 317 2728 in
329 2673 471 2739 volucres,
487 2674 581 2729 niveas
591 2674 685 2731 abiere
695 2675 862 2732 columbas«
