1876 3480
145 137 160 191 8
337 143 365 187 P.
385 140 514 187 ovum
532 138 700 187 NASONIS

146 245 282 318 sanguine
292 244 423 301 Caesareo
432 244 586 299 Romanum
596 243 759 318 extinguere
769 258 880 305 nomen,

147 323 292 376 attonitum
303 329 377 375 tanto
391 320 500 375 subitae
510 327 613 374 terrore
623 321 719 374 ruinae

147 398 299 451 humanum
310 414 399 470 genus
411 404 452 450 est
460 404 589 467 totusque
600 394 758 466 perhorruit
768 393 855 449 orbis.

144 474 201 526 Nec
211 473 263 526 tibi
275 481 350 545 grata
365 473 459 526 minus
469 471 567 543 pietas,
578 469 714 545 Auguste,
725 478 847 533 tuorum,

89 558 128 601 205
144 565 228 618 quam
239 548 292 601 fuit
302 548 350 602 illa
361 548 430 603 Iovi.
457 545 511 613 Qui
521 553 668 618 postquam
680 563 747 601 voce
756 561 897 616 manuque

147 640 288 677 murmura
300 623 472 694 compressit,
488 630 602 676 tenuere
612 622 723 677 silentia
734 622 839 675 cuncti.

146 699 275 753 Substitit
284 706 315 752 ut
327 696 439 762 clamor,
455 715 568 769 pressus
582 699 716 771 gravitate
725 697 858 769 regentis,
881 746 884 751 .

147 776 270 846 luppiter
280 774 331 828 hoc
341 775 441 828 iterum
452 790 577 828 sermone
590 772 701 828 silentiu
712 773 802 843 rupit:

148 850 331 922 olllequidem
342 867 454 920 poenes,
462 866 556 904 curam
567 849 638 904 hanc
648 848 789 911 dimittite,
797 845 895 913 solvit,

91 940 131 984 itu
149 925 223 998 quod
235 935 324 979 tamen
335 925 498 989 admissum,
507 941 577 996 quae
588 925 625 980 sit
633 923 767 987 vindicta,
781 922 896 977 docebo.

147 1003 304 1073 Contigerat
317 1008 424 1055 nostras
433 999 547 1055 infamia
556 1001 691 1072 temporis
701 1016 796 1055 aures:

148 1094 230 1149 quam
242 1076 358 1146 cupiens
370 1074 476 1139 falsam,
488 1093 596 1130 summo
607 1075 720 1130 delabor
730 1073 849 1147 Olympo

150 1162 176 1206 et
186 1152 255 1206 deus
265 1151 385 1206 humana
396 1151 483 1206 lustro
493 1151 547 1206 sub
557 1152 680 1225 imagine
689 1159 786 1206 terras.

149 1230 241 1300 Longa
252 1243 326 1280 mora
339 1234 388 1289 est,
397 1234 531 1298 quantum
541 1243 628 1282 noxae
639 1228 676 1281 sit
686 1227 792 1298 ubique
804 1242 898 1296 reper-

645 1311 714 1367 tum,

92 1390 131 1433 215
151 1395 326 1433 enumerare:
338 1377 430 1432 minor
439 1376 492 1432 tuit
503 1377 563 1448 ipsa
574 1376 689 1433 infamia
700 1394 775 1433 vero.

148 1453 270 1509 Maenala
282 1454 454 1517 transieram,
472 1452 585 1507 latebris
596 1453 731 1508 horrenda
746 1451 877 1514 ferarum,

149 1537 176 1584 et
189 1546 253 1583 oum
263 1529 377 1603 Cyllene
387 1527 475 1602 gelidi
485 1529 578 1600 pineta
590 1529 701 1603 Lycaei.

150 1604 270 1660 Arcados
282 1605 347 1659 hinc
358 1605 438 1659 sedes
448 1612 474 1659 et
484 1603 623 1676 inhospita
634 1612 704 1659 tecta
713 1604 823 1678 tyranni

150 1679 897 1752 ingredior,traherentquumseracrepusculanoctem.

93 1766 133 1809 220
149 1753 233 1827 Signa
247 1753 311 1809 dedi
322 1755 432 1810 venisse
443 1754 537 1816 deum,
554 1755 711 1829 vulgusque
722 1755 828 1827 precari

149 1838 285 1901 coeperat.
315 1829 642 1903 Irridetprimopiavota
652 1831 771 1904 Lycaon,

151 1922 216 1959 mox
226 1907 277 1960 ait:
286 1904 442 1977 ‘Experiar,
454 1905 523 1960 deus
534 1906 590 1970 hio,
602 1906 764 1961 discrimine
775 1913 878 1977 aperto,

150 1998 183 2036 an
197 1981 233 2035 sit
243 1980 378 2047 mortalis;
395 1999 446 2036 neo
457 1982 508 2036 erit
518 1980 673 2037 dubitabile
683 1999 780 2036 verum
786 1981 800 2034 .'

152 2058 235 2111 Nocte
245 2074 357 2129 gravem
368 2073 463 2111 somno
473 2057 607 2128 necopina
618 2056 733 2128 perdere
747 2064 834 2112 morte

94 2142 134 2186 225
150 2149 194 2186 me
205 2139 291 2203 parat.
324 2133 396 2186 Haec
406 2131 450 2185 illi
461 2131 551 2202 placet
560 2132 731 2203 experientia
742 2133 813 2187 veri.

152 2209 208 2261 Neo
218 2215 361 2263 contentus
373 2225 414 2271 eo,
427 2208 506 2261 missi
517 2205 551 2262 de
561 2214 643 2282 gente
652 2207 770 2263 Molosso

150 2283 257 2336 obsidis
267 2284 352 2337 unius
362 2282 491 2356 iugulum
501 2299 632 2338 mucrone
643 2283 771 2338 resolvit:

152 2368 234 2430 atque
245 2359 282 2412 ita
293 2360 446 2413 semineces
456 2359 555 2430 partim
566 2356 739 2413 ferventibus
749 2365 826 2414 artus

152 2433 241 2488 mollit
254 2435 344 2504 aquis,
356 2435 457 2506 partim
468 2434 593 2489 subiecto
602 2435 701 2488 torruit
712 2434 782 2508 igni.

96 2519 136 2562 23⁰
151 2509 225 2574 Quos
236 2508 320 2563 simul
332 2510 465 2581 imposuit
475 2511 594 2565 mensis:
607 2526 659 2583 ego
669 2509 782 2563 vindice
792 2506 901 2563 flamma

152 2586 181 2637 in
194 2584 307 2641 domino
320 2583 419 2658 dignos
430 2586 516 2639 everti
527 2592 597 2640 tecta
606 2585 732 2639 Penates.

155 2659 277 2714 Territus
287 2659 336 2715 ille
345 2658 433 2733 fugit,
448 2667 600 2732 nactusque
611 2660 720 2715 silentia
731 2661 804 2714 ruris
