1876 3480
127 183 176 236 illi
315 186 342 232 Ρ.
363 186 494 235 ovum
512 184 683 235 NASONIS

67 303 107 349 000
120 289 200 347 Haud
213 287 310 364 procul
321 288 458 345 Hennaeis
470 288 548 344 lacus
559 297 625 344 esta
639 290 788 347 moenibus
798 290 866 355 altae,

123 367 234 422 nomine
243 364 360 440 Pergus,
373 382 471 438 aquae.
502 365 563 420 Non
574 363 624 420 illo
635 364 717 438 plura
731 366 768 424 Ca
788 375 839 423 ster

123 443 245 499 carmina
254 456 408 517 cygnorum
422 439 581 496 labentibus
592 441 671 497 audit
680 442 711 498 in
721 460 761 499 un
784 444 791 457 ’
810 487 814 499 .

123 517 200 574 Silva
210 525 322 574 coronat
332 534 418 588 aquas
429 517 544 590 cingens
558 517 631 573 latus
641 534 734 585 omne,
747 520 855 594 suisque

124 592 270 650 frondibus
281 601 313 649 ut
324 592 386 649 velo
396 591 538 647 Phoebeos
549 591 698 650 submovet
708 597 799 669 ignes.

68 683 108 726 000
123 671 237 744 Frigora
247 667 314 725 dant
323 669 402 733 rami,
414 669 506 723 varios
517 667 621 724 humus
632 668 749 727 humida
759 670 844 739 flores.

122 745 291 818 Perpetuum
304 761 351 800 ver
361 752 413 799 est.
443 743 503 810 Quo
514 744 581 800 dum
591 745 759 820 Proserpina
770 746 830 805 luco

126 822 207 888 ludit,
222 829 249 877 et
259 829 306 877 aut
316 817 405 877 violas
416 828 464 875 aut
474 819 590 876 candida
601 819 660 877 lilia
672 823 771 896 carpit,

126 898 250 971 dumque
260 895 380 969 puellari
391 895 484 952 studio
496 894 676 970 calathosque
687 899 837 973 sinumque

123 974 231 1046 implet,
245 980 272 1028 et
282 972 412 1046 aequales
423 980 509 1028 certat
519 988 650 1046 superare
662 971 791 1048 legendo,

69 1061 109 1106 000
124 1066 211 1123 paene
222 1046 306 1104 simul
318 1048 378 1104 visa
389 1056 431 1103 est
440 1046 598 1122 dilectaque
608 1057 743 1122 raptaque
753 1052 822 1107 Diti:

124 1124 596 1198 usqueadeoestproperatusamor.
615 1125 870 1185 Deaterritamoesto

126 1211 153 1257 et
163 1209 279 1257 matrem
289 1207 316 1255 et
327 1201 452 1266 comites,
466 1198 516 1255 sed
525 1208 641 1257 matrem
651 1202 775 1276 saepius,
788 1221 833 1260 ore

125 1276 238 1332 clamat:
255 1284 282 1333 et
291 1284 323 1332 ut
333 1293 442 1332 summa
453 1283 559 1333 vestem
570 1274 687 1333 laniarat
697 1279 732 1334 ab
743 1297 799 1345 ora,

127 1353 237 1409 collecti
246 1350 326 1409 llores
337 1353 441 1408 tunicis
452 1351 576 1408 cecidere
588 1353 723 1409 remissis.

70 1437 110 1486 loo
127 1432 267 1502 Tantaque
278 1429 444 1503 simplicitas
455 1428 613 1502 puerilibus
623 1427 714 1485 adluit
723 1432 818 1486 annis:

127 1506 195 1562 haec
206 1521 317 1578 quoque
327 1505 487 1579 virgineum
498 1504 585 1560 movit
595 1505 700 1560 iactura
710 1505 842 1562 dolorem.

125 1583 227 1655 Raptor
237 1581 295 1655 agit
305 1597 413 1646 currus,
431 1588 458 1635 et
468 1580 580 1636 nomine
591 1597 732 1653 quemque
744 1591 850 1639 vocatos

128 1658 288 1713 exhortatur
299 1673 395 1728 equos,
413 1673 532 1729 quorum
543 1672 593 1730 per
603 1655 673 1711 colla
684 1657 821 1731 iubasque

128 1734 233 1790 excutit
244 1732 360 1787 obscura
371 1733 470 1788 tinctas
481 1730 623 1807 ferrugine
638 1731 771 1788 habenas.

71 1818 110 1867 000
125 1811 233 1882 Perque
243 1807 320 1863 lacus
330 1807 398 1863 altos
410 1816 437 1863 et
447 1806 549 1864 olentia
559 1806 667 1863 sulfure
678 1807 765 1865 fertur

127 1895 224 1960 stagna
234 1884 400 1950 Palicorum,
411 1891 492 1956 rupta
503 1883 638 1940 ferventia
649 1893 735 1941 terra:

129 1971 155 2018 et
166 1979 219 2034 qua
233 1960 412 2026 Bacchiadae,
424 1959 526 2015 bimari
536 1977 605 2034 gens
619 1969 677 2016 orta
688 1960 829 2029 Corintho,

126 2040 199 2095 inter
209 2036 369 2110 inaequales
379 2044 533 2108 posuerunt
542 2036 651 2092 moenia
664 2044 771 2108 portus.

165 2115 214 2169 Est
224 2112 348 2168 medium
362 2111 467 2186 Cyanes
479 2120 505 2166 et
514 2112 627 2168 Pisaeae
637 2110 802 2179 Arethusae,

72 2197 113 2246 lio
128 2190 202 2263 quod
213 2190 268 2245 coit
278 2187 404 2263 angustis
415 2186 557 2243 inclusum
565 2188 697 2244 cornibus
708 2207 822 2264 aequor.

129 2268 180 2323 Hic
191 2266 252 2331 luit,
266 2265 373 2320 acuius
384 2271 514 2338 stagnum
529 2281 641 2338 quoque
655 2265 768 2321 nomine
777 2264 877 2322 dictum

632 2348 683 2405 est,

129 2418 200 2472 inter
210 2415 344 2471 Sicelidas
356 2415 447 2490 Cyane
458 2412 638 2471 celeberrima
650 2417 800 2490 nymphas.

129 2493 245 2566 Gurgite
257 2509 327 2564 quae
338 2489 430 2547 medio
441 2508 550 2548 summa
560 2500 641 2548 tenus
652 2493 745 2549 extitit
753 2493 827 2559 alvo,

131 2568 300 2642 agnovitque
311 2566 409 2624 deum:
429 2565 499 2623 “Nec
510 2567 622 2643 longius
632 2567 721 2633 ibitis,
733 2569 837 2644 inquit.

75 2652 114 2699 000
129 2645 190 2699 Non
199 2650 277 2715 potes
288 2643 391 2699 invitae
401 2643 509 2700 Cereris
519 2661 604 2719 gener
614 2661 691 2700 esse:
707 2645 842 2721 roganda,

125 2716 403 2796 nonrapiendeiuit.
432 2718 541 2790 Quodsi
549 2737 713 2794 componere
724 2722 835 2796 magnis
