1876 3480
696 40 726 97 “τ,
747 39 923 116 ''322'''‘⁴}²'¹ld4

151 159 204 215 260
290 142 832 215 ·r.·ov1n‘11nnao'srid··*''''·
927 209 932 214 .

31 252 53 293 '·
152 266 361 324 Laomedonteis
371 268 483 325 letoius
493 266 599 325 adstitit
607 268 693 325 aram.
735 246 799 305 ⁴⁰*
871 272 875 279 '
935 276 937 283 '

42 364 46 379 ·
149 344 266 400 Dextera
276 341 363 418 Sigei,
376 343 493 401 Rhoetei
504 344 582 413 laeva
591 343 726 418 profundi
774 346 777 351 “

151 437 197 475 ara
209 419 402 493 Panomphaeo
414 429 494 476 vetus
505 414 549 476 es't
557 428 662 477 sacrata
672 419 801 477 Tonanti.

151 494 219 552 Inde
233 513 320 552 novae
329 497 452 570 primum
462 494 554 553 moliri
564 496 674 553 moenia
684 495 784 553 Troiae

12 614 17 627 .
95 582 136 626 lot
151 571 335 629 Laomedonta
345 571 432 638 videt,
443 580 629 646 susceptaque
639 588 741 649 magna
754 569 844 629 labore

44 650 47 655 '
152 665 277 704 crescere
287 647 408 715 difficili,
420 664 472 705 nec
481 665 549 723 opes
559 664 710 721 exposcere
720 664 834 721 parvas:

41 784 44 789 ,
153 741 272 798 cumque
283 722 463 800 tridentigero
473 722 574 780 tumidi
583 724 708 799 genitore
718 720 847 807 proipndi
882 734 928 783 af.

29 816 32 823 ·
154 799 297 857 mortalem
310 799 437 856 induitur
451 799 582 866 formam,
598 799 673 875 Phry
694 800 702 812 '
761 806 892 873 styranm

152 875 299 933 aedificant
308 894 412 943 muros,
424 885 504 950 pacto
516 892 566 949 pro
576 877 666 945 moen*
688 878 813 931 usauro.
868 872 875 887 '
922 886 926 893 '

98 963 138 1007 205
151 951 246 1009 Stabat
255 969 340 1026 opus:
352 953 473 1026 pretium
484 969 534 1008 rex
542 950 691 1017 inficiatur,
703 958 733 1007 et
743 948 838 1017 addit,

155 1028 288 1102 perfidiae
297 1029 453 1094 cumulum,
465 1027 544 1084 falsis
554 1027 677 1101 periuria
688 1024 795 1083 verbis.
927 1068 930 1073 .

156 1103 453 1177 »Nonimpuneleres«
464 1111 553 1160 rector
562 1103 648 1161 maris
658 1102 761 1176 inquit,
775 1110 893 1177 etomnts
930 1173 932 1182 ,

65 1211 70 1218 ·
155 1178 301 1237 inclinavit
313 1197 399 1253 aquas
409 1179 446 1236 ad
455 1196 554 1236 avarae
566 1178 657 1235 littora
667 1178 775 1245 Troiae,
930 1225 932 1242 J

157 1257 242 1328 inque
253 1253 316 1311 freti
326 1254 538 1313 formamterras
548 1252 698 1319 convertit
710 1260 835 1327 opesque
930 1277 931 1280 ¹

86 1343 141 1387 222
156 1330 271 1388 abstulit
280 1330 411 1407 agricolis
422 1339 450 1388 et
458 1329 591 1387 fluctibus
600 1326 694 1387 o'bruit
703 1346 797 1404 agros.

155 1408 245 1464 Poena
265 1424 357 1482 neque
377 1407 447 1463 haec
467 1407 534 1464 satis
556 1406 612 1463 est:
634 1406 710 1481 regis
725 1420 837 1480 quoque
850 1399 894 1457 lilia

422 1527 424 1531 .
627 1490 780 1538 1monstro
841 1508 844 1513 ·
929 1535 930 1541 ,

158 1560 281 1632 poscitur
290 1575 436 1634 aequoreo.
457 1556 546 1625 Quam
557 1556 626 1613 dura
636 1556 672 1613 ad
681 1573 749 1613 saxa
759 1557 896 1614 revueuu

160 1635 283 1691 vindicat
291 1633 413 1700 Alcides.
424 1634 617 1708 promissaque
627 1650 753 1698 munera,
768 1632 854 1689 dictos
926 1686 929 1693 ,

160 1710 249 1783 poscit
258 1727 359 1784 equos:
371 1710 496 1783 tantique
506 1710 598 1782 operis
608 1707 737 1766 mercede
745 1718 851 1784 negata,

81 1786 87 1795 ’
104 1798 144 1842 215
158 1785 203 1842 his
213 1787 324 1859 periura
333 1787 408 1860 capit
417 1795 561 1858 superatae
571 1785 679 1841 moenia
690 1786 799 1841 Troiae.

160 1863 217 1917 Nec
227 1879 291 1934 pars
302 1861 427 1929 militiae,
440 1862 581 1926 Telamon,
598 1861 659 1917 sine
669 1861 776 1917 honore
788 1855 896 1917 menia

160 1939 335 2011 Hesioneque
345 1937 407 1995 data
419 1939 533 2012 potitur.
565 1938 635 1992 Nam
646 1937 766 2011 coniuge
776 1935 869 1992 Peleus
934 1928 937 1971 ἵ

162 2014 253 2072 clarus
264 2023 322 2072 erat
333 2014 409 2080 diva,
425 2031 476 2070 nec
489 2015 535 2070 avi
545 2014 634 2087 magis
648 2011 696 2068 ille
712 2013 839 2086 superbit

162 2092 482 2162 nomine‚quamsoceri:
494 2088 898 2163 siquidemlovisesscnepotem

106 2178 146 2222 22⁰
160 2167 276 2242 contigit
288 2166 364 2222 haud
377 2167 436 2232 uni,
449 2167 552 2221 coniux
564 2164 614 2221 dea
625 2164 814 2238 contigit‘uni.

199 2245 324 2316 Namque
338 2260 425 2299 senex
439 2241 549 2299 Thetidi
561 2242 675 2297 Proteus
699 2240 784 2371 pillea,
799 2239 899 2296 disent

662 2332 702 2371 un
723 2333 764 2381 ae,
934 2376 935 2381 χ

166 2396 294 2467 concipe:
308 2395 459 2451 mutareris
470 2393 592 2458 iuvenis,
609 2392 660 2466 qui
670 2390 793 2448 fortibus
802 2391 865 2449 actis
932 2391 935 2412 ⁸

164 2479 224 2527 acta
234 2472 320 2544 patris
332 2471 432 2534 vincet,
445 2470 587 2542 maiorque
597 2466 744 2525 vocabitur
756 2467 831 2529 illos,
925 2476 928 2481 '

164 2547 246 2620 Ergo,
261 2547 460 2620 nequidquam
471 2544 591 2601 mundus
605 2545 669 2600 love
679 2544 773 2600 maius
785 2543 894 2600 habeut,
935 2572 937 2579 ·

109 2631 149 2677 225
165 2624 294 2696 quamvis
305 2621 379 2678 haud
392 2621 500 2695 tepidos
510 2620 563 2676 sub
574 2627 684 2693 pectore
694 2627 821 2676 senserat
827 2619 901 2692 ignea
935 2626 937 2641 '

158 2700 223 2778 lup¹
236 2700 290 2759 iter
301 2716 456 2776 aequoreae
463 2697 592 2754 Thetidis
603 2696 742 2752 connubia
752 2697 829 2761 vitat,
