1876 3480
125 147 158 202 80
316 150 343 199 1³.
363 152 494 202 ovum
510 150 697 199 [wolm-

123 255 172 311 sed
183 263 294 311 vetuere
305 263 406 327 patres.
435 253 519 321 Quod.
528 271 582 309 nen
593 260 820 325 potueruntne,

125 349 160 386 cx
168 347 257 402 aequo
267 331 357 401 captis
365 329 497 385 ardebant
507 329 648 384 mentibus
661 329 755 385 ambo.

124 406 257 462 Conscius
266 406 357 460 omnis
366 406 458 461 abest:
471 413 541 459 nutu
552 404 701 478 signisque
710 405 865 478 lequuntur.

123 480 240 553 Quoque
250 482 339 554 magis
353 481 464 554 tegitur,
480 488 558 536 tante
565 481 657 554 magis
667 489 775 537 sestam
786 481 865 555 ignis.

68 568 93 612 ts
122 558 218 613 Fissus
229 565 287 611 erat
295 556 372 611 tenui
382 556 462 621 rima,
475 572 559 627 quam
569 555 686 611 duxerat
695 555 774 623 elim,

124 650 211 704 quum
222 633 308 696 tieret,
323 631 414 702 paries
424 630 520 686 domui
532 631 689 686 communis
699 633 821 704 utrique.

122 707 154 763 ld
164 709 264 763 vitium
274 705 345 762 nulli
356 723 406 777 per
415 706 526 762 saecula
537 706 618 780 leuga
629 714 765 772 nntatnms

123 782 193 855 quid
203 800 257 838 non
268 783 353 837 sentit
362 781 456 837 amor‘l
464 782 549 854 primi
560 781 689 837 sensistis
700 789 832 847 amantes,

125 868 152 914 et
161 859 238 915 vocis
248 858 354 913 lecistis
364 857 430 913 iter:
450 865 581 929 tutaeque
592 855 725 928 perillud

67 944 94 988 7⁰
123 951 265 988 murmure
275 932 425 989 blanditiae
436 933 552 988 mInimo
562 933 678 987 transire
689 932 825 989 solebant.

124 1008 223 1080 Saepe,
245 1009 294 1064 ubi
311 1008 494 1064 consistet-ant
510 1007 579 1063 hinc
598 1006 716 1136 Tlssslse,
740 1008 869 1082 Pyram

619 1100 629 1136 1
653 1099 709 1149 inc,

122 1161 208 1232 inque
217 1158 294 1214 vices
304 1156 392 1214 fuerat
402 1166 526 1230 captatus
536 1157 677 1214 anhelitus
691 1160 764 1215 oris:

119 1233 238 1298 ‘Invida
251 1233 389 1299 dicebant,
402 1233 503 1306 paries,
515 1233 586 1306 quid
595 1228 870 1291 amantibuschasst

124 1308 263 1376 Quantum
272 1316 338 1374 erat,
348 1318 380 1365 ut
388 1310 745 1381 sinerestatonosconpors
753 1310 847 1385 iungi,-

68 1397 94 1440 75
128 1382 871 1458 authocsinimiumest‚veladosculadendapatereel

122 1463 179 1516 Nec
189 1479 286 1517 sumus
296 1461 412 1535 ingrati:
434 1459 486 1516 tihi
497 1458 659 1516 nosdebere
673 1459 802 1527 intumum

124 1537 200 1608 quod
210 1537 290 1593 datus
301 1545 348 1593 est.
357 1535 495 1592 verbisad
505 1536 608 1592 amicas
618 1529 859 1592 transmissuros-³

125 1612 201 1669 Talia
211 1613 320 1668 diversa
331 1611 521 1684 nequidquam
531 1610 598 1667 sede
610 1610 704 1667 locuti-

124 1687 177 1742 sub
189 1697 296 1742 noctem
307 1687 402 1743 dixere
413 1686 488 1752 Vale,
502 1687 630 1759 pestique
636 1686 742 1743 *dedere

68 1773 93 1816 tc
122 1761 216 1817 oscula
225 1763 346 1834 quisque
356 1779 423 1818 uae
432 1781 487 1819 nan
497 1763 804 1836 pervenientiaoontn.

123 1838 233 1892 Postera
242 1846 391 1894 nocturnos
399 1846 659 1906 auscmremouenat
669 1838 759 1912 ignes,

122 1912 220 1985 solque
232 1913 378 1985 pruinosas
391 1913 481 1969 radiis
486 1914 639 1970 siccaverat
648 1913 763 1970 barbas:

36 1988 39 1993 ’
122 1990 157 2045 ad
167 1987 281 2044 solitum
289 1989 379 2045 caure
390 1989 492 2045 locum.
522 1991 593 2045 Tum
603 2006 746 2045 murmure
758 2004 844 2060 pesve

124 2064 210 2121 multa
224 2065 303 2136 prius
312 2065 416 2136 questi,
430 2073 564 2130 statuunt,
576 2064 630 2121 sub
640 2073 720 2120 nocte
730 2064 826 2120 silenti

67 2151 93 2194 85
123 2139 218 2196 fallere
228 2139 357 2196 custodes
367 2138 530 2212 foribusque
543 2139 677 2196 excedere
687 2149 802 2204 tentent,

122 2233 266 2289 quumque
281 2216 362 2273 domo
376 2214 509 2282 exierint,
530 2216 610 2271 urbis
622 2232 736 2288 queque
748 2223 820 2271 tecta
829 2230 874 2270 rer

619 2289 659 2346 lin
681 2300 762 2347 uant:

122 2383 192 2421 neve
202 2367 240 2423 sit
250 2366 398 2423 errandum
409 2364 463 2422 lato
473 2310 744 2439 spatiantibusllrvo,

122 2442 423 2499 conveniantadbusta
431 2442 507 2508 Nini,
524 2442 681 2514 lateantque
691 2443 749 2497 sub
755 2440 854 2498 umbra

124 2514 240 2573 arboris.
272 2516 361 2574 Arbor
370 2519 412 2574 ibi
421 2518 513 2573 niveis
523 2517 663 2573 uberrima
673 2517 765 2590 pomis

67 2602 93 2646 to
123 2589 208 2646 ardua
218 2607 315 2648 morus.
322 2603 390 2658 erat,
400 2593 495 2668 gelido
505 2594 675 2649 contermina
686 2591 767 2650 fonti.

122 2667 202 2722 Pacta
211 2665 335 2739 placent:
347 2678 375 2725 et
385 2667 444 2737 lux.
456 2668 533 2726 tarde
543 2668 685 2726 discedere
698 2669 767 2735 visa,

282 2898 343 2945 f.
