1876 3480
199 139 246 193 100
384 144 412 191 Ρ.
432 144 563 201 ΙΟῊΙᾎῙῙ
581 143 752 197 mosomo

139 259 178 301 oso
193 245 353 302 Conclamat
362 246 456 320 virgo:
470 247 580 320 genitor
589 243 718 319 lugubris
728 252 756 309 et
764 263 821 307 una
927 316 930 321 Ι

195 332 282 378 mator
291 321 378 387 adest,
391 322 473 381 ambo
486 322 591 387 miseri,
604 320 654 377 sed
665 321 768 377 iustius
779 319 839 377 illa.

194 401 251 452 Nee
262 415 357 453 secum
368 397 516 463 auxilium,
531 396 582 459 sed
594 397 695 471 dignos
704 404 828 470 tempore
838 394 914 453 [letus

195 473 412 548 plangoremque
430 472 536 533 ferunt.
557 472 712 603 vinctoqu?³
722 473 752 529 in
770 489 884 545 corpore
895 470 930 529 ad

714 557 818 605 aerent.

195 628 265 681 Tum
276 626 317 680 sic
331 625 432 696 hospes
443 625 495 679 ait:
512 624 716 681 »Lacrimarum
726 622 809 699 longa
817 640 922 681 manere

139 712 177 755 olo
193 711 315 773 tempora
326 719 375 757 vos
386 708 529 773 poterunt:
541 699 577 757 ad
587 700 770 831 opembqevis
782 700 847 757 hora
856 700 930 757 feren

712 785 819 832 amest.

195 855 270 908 Hanc
280 869 331 926 ego
343 851 367 905 si
381 859 502 923 peterem
512 852 630 909 Perseus
640 853 705 908 love
716 860 798 908 natus
808 860 836 910 et
845 852 901 917 ille,
926 864 929 871 '

196 946 279 1001 quam
290 927 413 983 clausam
424 926 553 999 implevit
562 926 681 983 fecundo
691 928 817 1001 Iuppiter
827 946 900 993 auro,

193 1004 330 1078 Gorgonis
341 1003 521 1077 anguicomae
530 1004 647 1059 Perseus
658 1012 811 1077 superator,
828 1014 855 1062 et
866 1004 914 1061 alis

195 1079 335 1134 aethereas
346 1096 430 1133 ausus
441 1079 549 1135 iactatis
559 1079 601 1135 ire
612 1096 662 1151 per
671 1097 762 1145 auras,

137 1167 178 1210 ruo
193 1154 346 1227 praeferrer
356 1156 464 1211 cunctis
474 1164 547 1210 certe
557 1172 653 1230 gener.
686 1155 796 1212 Addere
806 1156 888 1213 tantis
926 1210 929 1215 .

195 1231 306 1285 dotibus
318 1231 493 1296 emeritum,
506 1230 616 1287 faveant
627 1231 708 1287 modo
718 1233 849 1297 numina,
861 1232 925 1287 teutt'.

195 1307 230 1361 Ut
240 1324 300 1362 mea
310 1307 356 1371 sit,
368 1315 475 1363 servata
486 1325 546 1363 mes
557 1307 669 1374 virtute,
682 1308 835 1380 paciscor«

196 1383 343 1456 Accipiunt
354 1381 454 1457 legem,
471 1384 536 1456 quis
545 1383 621 1439 enim
630 1382 788 1440 dubitaret?
797 1392 824 1439 et
833 1390 907 1439 orant

195 1460 413 1532 promittuntque
425 1476 510 1532 super
519 1476 637 1534 regnum
648 1458 738 1515 dotale
748 1468 886 1532 parentes.

138 1546 177 1590 705
193 1537 264 1591 Ecce
276 1535 353 1591 velut
365 1537 444 1591 navis
456 1535 578 1606 praefixo
587 1536 694 1592 concita
704 1544 793 1592 rostro

195 1611 284 1667 sulcat
294 1628 390 1683 aquas,
404 1612 538 1667 iuvenum
553 1611 719 1667 sudantibus
730 1619 791 1668 acta
802 1610 908 1667 lacertis

195 1689 236 1742 sic
250 1686 308 1742 fera
318 1686 430 1742 dimotis
441 1686 567 1759 impulsu
577 1688 697 1759 pectoris
707 1686 793 1743 undis

193 1772 300 1818 tantum
311 1761 404 1817 aberat
414 1762 548 1836 scopulis,
561 1772 696 1835 quantum
705 1762 846 1819 Balearica
855 1770 919 1819 torto

194 1838 278 1895 lunda
290 1846 379 1910 potest
388 1837 504 1911 plumbo
514 1837 600 1894 medii
610 1839 797 1895 transmittere
808 1838 891 1895 coeli:

137 1925 178 1969 tto
194 1931 281 1988 quum
292 1913 385 1968 subito
396 1915 508 1970 iuvenis
518 1914 639 1987 pedibus
650 1913 749 1971 tellure
760 1913 872 1987 repulsa

196 1991 298 2046 arduus
308 1991 337 2044 in
349 1991 438 2044 nubes
449 1990 528 2045 abiit.
559 1990 594 2046 Ut
604 1991 633 2045 in
647 2006 766 2063 aequore
777 2006 887 2061 summo

195 2067 294 2123 umbra
305 2066 359 2122 viri
372 2066 431 2121 visa
442 2074 493 2130 est,
506 2066 595 2123 visam
607 2065 663 2123 fera
675 2065 927 2123 saevitinumbram

195 2145 285 2217 thue
294 2141 367 2197 lovis
378 2158 503 2214 praepes,
517 2158 604 2199 vacuo
615 2159 703 2215 quum
712 2141 786 2197 uidit
796 2142 826 2197 in
836 2156 900 2199 ervo

196 2220 372 2294 praebentem
383 2217 495 2274 Phoebo
506 2215 620 2274 liventia
631 2226 707 2291 terga
719 2217 877 2281 draconem.

139 2308 179 2353 715
195 2304 312 2368 occupat
325 2312 463 2360 aversum,
476 2310 531 2349 neu
542 2310 623 2349 saeva
638 2302 863 2366 retorqueamus,

196 2372 381 2447 squamigeris
392 2371 488 2428 avidos
500 2368 728 2443 figitcervioibus
738 2386 864 2445 ungues:

196 2451 237 2504 sic
248 2449 332 2504 celeri
343 2449 447 2503 missus
457 2463 589 2519 praeceps
600 2445 742 2518 perinane
758 2443 852 2501 volatu

196 2535 270 2598 terga
282 2524 355 2579 serae
366 2523 476 2596 pressit,
491 2521 644 2594 dextroque
654 2519 799 2577 frementis
809 2521 840 2575 in
851 2534 922 2577 armo

197 2600 342 2655 Inachides
352 2598 456 2655 ferrum
469 2615 554 2654 curvo
565 2606 646 2654 tenus
659 2596 768 2653 abdidit
778 2596 872 2652 hamo.

141 2687 181 2732 72⁰
194 2675 315 2732 Vulnere
326 2675 399 2731 laesa
408 2675 489 2750 grau
499 2673 581 2730 modo
590 2691 620 2731 se
630 2672 763 2729 sublimis
774 2673 804 2728 in
815 2688 896 2728 auras

131 2860 211 2945 f
