1876 3480
154 146 186 198 38
343 147 370 192 1².
391 144 521 193 OVIDII
539 145 707 191 NASONIS

154 250 221 307 lude
234 248 323 305 fluunt
333 247 476 313 lacrimae,
493 246 650 320 stillataque
661 245 719 304 sole
729 249 872 323 rigescunt

98 340 137 383 355
154 327 188 382 de
200 326 284 382 ramis
295 323 395 380 electra
405 323 496 388 novis,
509 340 580 396 quae
591 322 701 379 lucidus
712 325 802 380 amnis

153 403 258 474 excipit
267 410 294 456 et
304 399 422 455 nuribus
434 399 518 454 mittit
528 400 660 473 gestanda
671 401 788 455 Latinis.

190 477 288 533 Adfuit
302 475 370 531 huic
380 483 501 531 monstro
512 473 603 546 proles
614 474 771 533 Stheneleia
782 475 899 550 Cycnus,

153 555 203 628 qui
214 553 265 609 tibi
277 560 399 608 materno
409 551 538 623 quamvis
549 568 564 605 a
575 553 712 625 sanguine
722 553 844 617 iunctus,

152 639 243 686 mente
254 625 516 694 tamen,'Phaethon,
529 627 642 701 propior
652 627 716 683 luit.
746 626 796 683 Ille
808 626 901 683 relicte

51 740 54 745 -
97 719 137 761 370
152 706 226 780 (nam
236 706 370 779 Ligurum
381 699 499 775 populos
509 711 537 757 et
546 719 660 776 magnas
669 712 778 761 rexerat
787 702 880 778 urbes)

155 783 272 854 imperio
283 781 356 852 ripas
367 777 472 835 virides
483 795 648 850 amnemque
658 778 781 852 querelis

154 856 305 913 Eridanum
321 854 449 928 implerat
458 852 616 926 silvamque
626 855 767 910 sororibus
779 864 900 911 auctam:

153 951 241 1005 quum
250 950 306 988 vox
316 939 358 986 est
367 937 477 985 tenuata
488 930 558 995 viro,
570 946 710 1004 canaeque
720 929 838 1002 capillos

155 1007 333 1063 dissimulant
343 1004 465 1078 plumae,
477 1003 637 1077 collumque
647 1023 662 1061 a
673 1015 783 1079 pectore
790 1005 902 1081 longum

86 1096 138 1140 -315
153 1084 313 1157 porrigitur,
327 1081 486 1156 digitosque
498 1079 566 1155 ligat
575 1083 704 1138 iunctura
714 1082 856 1147 rubentes,

154 1177 244 1231 penna
255 1157 326 1213 latus
337 1155 419 1222 velat,
437 1164 551 1212 tenetes
561 1157 761 1213 sineacumine
771 1168 901 1214 rostrum.

154 1236 199 1290 Fit
208 1251 278 1289 nova
290 1233 399 1307 Cycnus
410 1233 479 1297 avis,
493 1248 544 1286 nec
554 1249 584 1288 se
594 1231 726 1306 coeloque
736 1234 853 1307 levique

154 1309 250 1375 credit,
263 1318 294 1365 ut
303 1309 406 1363 iniuste
417 1307 497 1363 missi
508 1324 614 1365 memor
623 1309 699 1383 iguis
710 1308 822 1366 abillo:

154 1395 250 1460 stagna
260 1385 329 1458 petit
338 1383 503 1457 patulosque
514 1382 601 1450 lacus,
612 1384 764 1459 ignemque
774 1402 890 1457 perosus

98 1473 137 1516 380
153 1479 223 1536 quae
235 1460 315 1526 colat,
327 1458 412 1534 elegit
422 1460 556 1514 contraria
568 1458 683 1517 flumina
693 1459 824 1516 flammis.

192 1536 343 1609 Squalidus
353 1537 456 1592 interea
466 1535 757 1664 genitorPhaethontis
767 1546 794 1593 et
805 1553 903 1609 expers

152 1615 213 1689 ipse
224 1614 269 1667 sui
280 1612 397 1676 decoris,
410 1628 465 1683 qua
478 1611 512 1676 is,
526 1628 614 1685 quum
624 1611 718 1668 deficit
727 1612 803 1678 orbe,

152 1704 212 1742 esse
223 1685 302 1751 solet,
315 1685 462 1759 lucemque
472 1684 530 1741 odit
540 1704 625 1760 seque
636 1688 697 1760 ipse
708 1688 850 1761 diemque,

154 1762 420 1834 datqueanimumin
430 1760 533 1828 luctus,
545 1773 572 1817 et
583 1761 705 1819 luctibus
715 1762 813 1820 adiicit
823 1765 901 1827 iram,

97 1850 136 1893 385
152 1838 331 1910 officiumque
341 1846 423 1912 negat
433 1837 548 1893 mundo.
574 1837 669 1905 isatis,
681 1839 783 1911 inquit,
796 1840 832 1895 ab
843 1840 902 1896 aevi

153 1931 213 1970 sors
224 1930 284 1968 mea
295 1913 444 1986 principiis
455 1913 509 1968 luit
518 1913 678 1987 irrequieta,
694 1915 829 1988 pigetque

154 1999 276 2046 actorum
287 1989 347 2044 sine
359 1988 413 2044 fine
424 1988 504 2054 mihi,
518 1989 578 2043 siue
589 1990 691 2045 honore
703 1988 841 2047 laborum.

151 2064 275 2133 Quilibet
284 2063 353 2119 alter
363 2072 426 2138 agat
435 2071 574 2136 portantes
586 2064 692 2121 lumina
702 2082 813 2122 currus.
896 2124 899 2129 ,

152 2141 182 2197 Si
193 2158 273 2196 nemo
284 2148 326 2195 est
336 2155 487 2211 omnesque
498 2139 544 2194 dei
554 2157 609 2197 non
620 2158 701 2213 posse
712 2140 841 2208 latentur,

97 2229 136 2272 390
152 2219 213 2290 ipse
223 2225 300 2292 agat:
317 2224 349 2272 ut
358 2214 466 2280 saltem,
478 2214 546 2271 dum
556 2224 663 2272 nostras
673 2225 760 2273 tentat
770 2217 902 2283 habenas,

152 2293 279 2349 orbatura
290 2300 381 2366 patres
392 2289 540 2363 aliquando
550 2290 669 2349 fulmina
679 2300 771 2365 ponat,

154 2370 231 2424 Tunc
242 2370 319 2434 sciet,
332 2366 498 2444 ignipedum
508 2368 583 2423 vires
594 2377 726 2441 expertus
736 2386 883 2442 equorum,

152 2461 206 2498 nou
217 2445 353 2499 meruisse
363 2460 470 2510 necem,
486 2444 536 2516 qui
547 2460 602 2499 non
613 2444 683 2499 bene
694 2445 798 2501 rexerit
808 2445 903 2502 illos«

154 2519 229 2575 Talia
241 2519 378 2576 dicentem
388 2522 568 2576 circumstant
577 2521 671 2575 omnia
680 2518 772 2576 Solem

97 2607 136 2650 aas
152 2596 277 2661 numina,
290 2613 359 2652 neve
368 2595 438 2652 velit
448 2596 575 2652 tenebras
585 2595 717 2651 inducere
728 2597 823 2663 rebus,

151 2670 903 2747 supplicevocerogant.Missosquoqueluppiterignes
