1876 3480
125 151 173 210 tte
321 134 697 211 novumcastrum·
750 166 766 177 ..
791 174 805 211 -,

124 257 221 331 stipes,
233 264 261 317 et
270 256 366 313 invitis
377 264 518 328 correptus
528 255 563 312 ab
573 256 691 330 ignibus
699 259 777 317 emit.

67 348 106 391 555
122 335 230 391 Inscius
240 341 322 404 atque
335 332 434 387 absens
444 330 551 387 flemme
562 331 721 407 Meleagros
732 332 811 392 abitt

124 411 224 475 uritur,
236 418 264 465 et
273 408 362 464 caecis
372 408 468 463 torreri
479 409 585 463 viscera
595 409 681 466 sentit

124 485 248 560 ignibus,
261 500 292 538 ao
302 501 416 556 magnos
426 491 538 554 superat
549 482 652 539 virtute
661 483 786 543 dotum.-

122 559 202 628 Quod
212 569 303 615 temen
313 560 415 632 ignavo
426 557 504 614 cadat
513 566 541 614 et
548 558 611 614 sine
621 560 760 634 sanguine
768 560 811 619 leti

124 644 237 699 moeret.
249 643 276 691 et
284 633 386 690 Ancaei
398 633 488 691 felicia
499 632 612 690 vulnera
623 633 708 692 dicit:

69 724 107 768 520
121 711 365 788 grandaevumque
371 719 475 780 patrem
483 708 635 781 fratresque
646 710 811 784 piasqueson

126 805 190 844 curn
199 786 315 861 gemitu,
327 785 486 857 sociamque
497 785 549 841 tori
559 794 640 841 vocat
648 802 696 841 ore
706 802 811 858 suprem

24 916 29 925 ,
119 863 240 920 'forsitan
251 869 278 919 et
286 870 411 916 matrem.
441 861 576 916 Crescunt
588 861 723 934 ignisque
731 861 811 919 daton

126 939 365 1014 languescuntque
375 937 490 992 iterum:
503 935 587 991 simul
598 944 641 991 est
650 938 811 995 extinctusu

621 1028 688 1084 ‘1¹¹⁰‘

127 1090 213 1161 inque
224 1087 300 1144 loves
310 1086 378 1143 abiit
387 1085 519 1158 paulatim
529 1085 647 1158 spiritus
656 1104 740 1145 auru

128 1162 262 1238 paulatim
272 1180 339 1218 cana
350 1179 467 1234 prunam
478 1161 587 1218 velante
597 1160 665 1218 iavil
670 1161 706 1219 15.

72 1251 112 1297 555
125 1238 187 1296 Alta
198 1239 269 1294 iacet
278 1235 415 1312 Calydon:
433 1236 529 1312 lugent
541 1238 717 1311 iuvenesque
729 1254 811 1295 55555

129 1313 263 1389 etvulgus
273 1329 456 1387 proceresque
463 1323 587 1387 gemunt,
595 1313 811 1388 scissaequecopi

128 1389 298 1465 planguntur
307 1397 408 1444 matres
419 1388 601 1463 Calydonides
611 1388 766 1446 Eueuinae.

126 1464 244 1523 Pulvere
254 1466 384 1521 canitiem
394 1465 503 1538 genitor
512 1463 664 1536 vultusque
674 1465 778 1521 seniles

127 1540 219 1598 foedet
228 1541 307 1596 humi
317 1539 406 1604 tusus,
414 1541 622 1613 spatiosumque
632 1539 811 1614 inorepateer

73 1628 112 1674 tto
127 1619 197 1674 Nam
207 1617 242 1673 de
253 1625 338 1671 matre
348 1633 446 1671 manus
457 1615 511 1671 diri
521 1615 576 1670 sibi
587 1616 699 1671 conscia
709 1615 774 1673 fecti

128 1693 221 1766 exegit
231 1708 342 1763 poenas,
354 1701 414 1746 acto
425 1692 590 1762 perviscera
602 1688 685 1745 ferro.

128 1769 199 1829 Non.
215 1767 284 1821 mihi
295 1768 319 1821 si
330 1776 440 1822 5555555
451 1766 520 1821 deus
530 1783 576 1821 ora
586 1768 713 1833 sonantia
724 1765 811 1840 lingui

128 1843 328 1916 ingeniumque
342 1860 430 1913 capax
442 1851 585 1914 totumque
600 1840 731 1899 Helicona
744 1841 811 1896 dedit

130 1919 218 1974 tristia
227 1935 408 1991 persequerer
418 1919 581 1972 miserarum
593 1925 655 1971 voto
666 1933 799 1992 sororum.

73 2005 112 2050 555
127 1996 303 2050 Immemores
313 1993 420 2048 decoris
432 1994 545 2048 liventia
556 2001 665 2064 pectora
675 1991 807 2048 tundunt:

129 2070 252 2142 dumque
263 2078 354 2125 manet
362 2086 472 2141 corpus,
480 2085 580 2140 corpus
586 2065 767 2140 refoventque
772 2066 811 2129 mr

624 2158 691 2214 que.

130 2219 231 2276 Oscula
241 2219 307 2274 dunt
316 2219 381 2289 ipsi,
397 2219 486 2290 posito
497 2218 667 2274 dontosoula
680 2216 760 2274 lecto.

128 2296 193 2351 Post
201 2296 322 2350 cinerem
330 2294 437 2348 cineres
448 2293 560 2349 haustos
571 2293 606 2348 ad
616 2302 728 2365 pectora
739 2308 811 2366 preat

131 2370 288 2442 effusaeque
298 2371 388 2424 iacent
398 2367 514 2433 tumulo,
528 2370 692 2459 signatoque
702 2385 771 2425 5555

75 2453 114 2499 sto
130 2447 240 2502 nomina
251 2445 412 2516 complexae
423 2444 550 2499 lacrimas
560 2462 590 2498 tn
601 2444 714 2511 nomipe
725 2441 811 2499 fundu

132 2519 206 2588 Quas
215 2516 393 2576 Parthaoniae
404 2520 513 2576 tandem
524 2520 636 2574 Latonia
646 2519 727 2575 clade

130 2597 262 2651 exsatiata
272 2596 379 2660 domm,
393 2604 499 2667 praeter
508 2595 675 2669 Gorgenque
686 2608 811 2666 nurumq

133 2670 236 2725 nobilis
245 2669 403 2736 Alcmenae,
415 2672 487 2726 netis
497 2671 527 2726 in
538 2687 652 2744 corpore
661 2670 764 2744 pennis
