1876 3480
123 159 157 215 34
319 164 350 212 Ρ.
371 163 499 213 ovum
517 165 686 212 rthsonle

123 267 210 324 arida.
243 268 312 323 Tum
323 267 463 341 nymphae
474 267 565 339 passis
581 266 727 337 fontesque
742 265 877 337 lacusque

125 343 368 399 delleverecomis.
397 341 511 410 Orraerit
520 343 628 398 Boeotia
638 342 747 405 Dircen,

67 427 107 475 rto
123 421 211 494 Argos
222 419 404 493 Amymonen,
417 418 529 493 Ephyre
539 416 684 473 Pirenidas
695 415 796 473 undas.

124 498 181 552 Nec
192 496 287 551 sortita
300 495 359 550 loco
370 495 505 550 distantes
516 492 631 549 flumina
642 494 717 566 ripas

125 583 182 628 tuta
193 580 318 627 manent:
331 570 433 627 mediis
444 571 543 626 Tanais
555 568 673 625 fumavit
683 569 712 623 iu
724 567 818 633 undis,

125 649 285 720 Peneosque
296 664 390 712 senex,
404 647 662 717 Teuthranteusque
673 644 782 710 Caicus,

125 734 152 782 et
162 724 235 780 celer
246 725 368 778 Ismenos
379 739 443 777 oum
454 721 590 778 Phocaico
599 719 779 795 Erymantho,

67 809 108 858 tlt
122 796 292 872 arsurusque
304 800 404 855 iterum
418 798 547 854 Xanthus
558 796 703 869 flavusque
717 796 875 870 Lycormae,

126 879 232 950 quique
243 875 396 931 recurvatis
408 873 479 931 ludit
488 872 650 930 Maeandros
660 873 689 928 in
700 871 794 936 undis,

125 952 348 1027 Mygdoniusque
359 951 444 1006 Melas
455 959 482 1007 et
493 949 642 1005 Taenarius
652 949 779 1005 Eurotas.

124 1029 200 1084 Arsit
209 1037 236 1082 et
247 1026 401 1099 Euphrates
411 1026 590 1101 Babylonius,
602 1025 669 1082 arsit
679 1023 806 1088 Orontes,

127 1103 357 1174 Thermodonque
367 1102 440 1157 citus
449 1102 616 1178 Gangesque
627 1100 756 1157 etPhasis
767 1099 877 1157 etleter.

70 1191 111 1237 tto
125 1180 240 1237 Aestuat
248 1177 389 1250 Alpheus:
407 1179 483 1251 ripae
494 1177 678 1250 Spercheides
689 1176 800 1233 ardent:

127 1253 257 1330 quodque
269 1271 320 1310 suo
331 1254 424 1328 Tagus
433 1272 514 1311 amne
524 1254 616 1320 vehit,
632 1251 693 1310 huit
704 1251 819 1329 ignibus
829 1267 879 1308 eu·

628 1346 705 1386 rum:

126 1415 154 1463 et
163 1422 235 1479 quae
246 1405 385 1463 Maeonias
395 1404 571 1462 celebrabant
581 1406 703 1463 carmine
714 1404 790 1477 ripas

127 1479 274 1538 flumineae
286 1482 422 1548 volucres,
435 1481 528 1538 medio
537 1481 647 1539 caluere
658 1481 783 1555 Caystro.

127 1557 208 1615 Nilus
219 1559 247 1614 in
258 1569 413 1615 extremum
425 1558 498 1633 fugit
510 1558 671 1631 perterritus
681 1556 788 1621 orbem,

71 1644 112 1692 tto
126 1632 304 1705 occuluitque
314 1644 407 1706 caput,
415 1633 587 1708 quodadhuc
594 1635 669 1690 latet.
690 1631 880 1704 Ostiaseptem

129 1709 322 1780 pulverulenta
335 1719 446 1774 vacant,
463 1720 569 1783 septem
580 1711 641 1765 sine
652 1706 767 1764 flumine
780 1706 878 1764 vallea.

128 1782 879 1859 ForseademIsmariosllebrumcumStrymonesiccat,

126 1859 329 1933 llcsperiosque
342 1877 447 1927 amnes,
459 1860 587 1919 Rhenum
598 1860 819 1934 Rhodanumque
828 1858 881 1915 Pa·

626 1938 761 2008 dumque,

128 2011 230 2084 cuique
243 2009 295 2066 luit
306 2028 398 2067 rerum
409 2013 544 2084 promissa
556 2013 687 2085 potentia,
700 2011 837 2085 Thybrin.

72 2097 113 2143 tto
127 2086 235 2144 Dissilit
244 2104 326 2142 omne
336 2085 437 2152 solunt,
450 2098 630 2162 penetratque
640 2090 670 2145 in
681 2090 791 2144 Tartara
802 2087 882 2143 rimie

129 2161 221 2220 lumen
232 2173 259 2220 et
270 2163 410 2220 infernum
420 2172 503 2219 terret
512 2181 576 2220 cum
587 2166 707 2240 coniuge
718 2179 824 2239 regem.

129 2240 163 2297 Et
174 2257 248 2297 mare
258 2240 439 2305 contrahitur,
450 2240 596 2314 siccaeque
607 2249 649 2297 est
658 2257 775 2313 campus
784 2254 882 2295 arenae

130 2315 205 2390 quod
225 2316 307 2374 modo
326 2326 428 2391 pontus
441 2325 507 2383 erat,
529 2333 656 2392 quosque
670 2316 757 2373 altum
778 2322 884 2372 texerat

627 2411 658 2450 ae
680 2410 739 2459 uor,

131 2468 270 2524 exsistunt
280 2477 387 2524 montes
396 2477 423 2524 et
433 2487 543 2542 sparsas
553 2409 686 2544 Cycladalls
697 2476 811 2544 augent.

74 2554 114 2599 tte
131 2545 185 2599 Ima
201 2554 297 2616 petunt
308 2544 408 2617 pisces,
421 2562 472 2600 nec
482 2562 512 2600 se
525 2562 610 2617 super
619 2563 738 2619 aequora
749 2543 831 2600 curvi

132 2619 226 2675 tollere
237 2630 383 2675 consuetus
393 2620 496 2676 audent
506 2620 652 2694 delphines
664 2623 691 2676 in
702 2638 795 2677 auras.

131 2694 247 2769 Corpora
253 2695 532 2799 phoceam-neutum
543 2698 675 2772 resupina
684 2693 822 2770 prolundo

312 2848 327 2925 i.
