1876 3480
166 128 199 181 en
360 128 728 179 novrnunaeonia
806 164 809 169 .
904 124 914 183 “.

109 241 149 289 555
164 233 207 290 Ad
217 248 316 288 nomeu
328 240 412 304 eaput
423 230 472 286 ille
482 231 577 300 relert3
600 240 628 288 et
642 231 741 288 aheneo
750 240 916 309 querum

166 325 217 364 neo
227 324 326 379 capere
336 308 442 363 oblatae
453 324 568 380 segnem
579 306 738 379 spectacula
749 308 880 381 praedae·

165 382 357 438 Velletabesse
363 382 486 454 quidem,
494 382 543 437 sed
554 383 644 450 edeet3
658 381 803 455 velletque
811 382 925 451 viduq

166 477 221 514 non
231 459 315 513 etiam
326 459 428 513 sentire
438 474 539 513 eanum
550 457 607 513 iera
618 456 689 513 lecta
700 474 830 515 suorum.
902 461 929 511 rs

164 534 294 606 Undique
300 534 487 597 oiroumstent‚
500 532 814 605 mersisqueineorpore
822 534 925 591 rutil!

107 621 148 664 250
164 610 315 666 dilacerant
326 608 389 664 lalei
400 607 544 663 dominum
555 608 609 663 sub
619 608 743 683 imagine
753 610 847 667 cervi:
903 650 908 659 ·
920 642 928 656 2

165 688 222 740 Neo
232 685 288 739 nisi
300 684 376 738 finita
386 700 436 755 per
449 681 570 755 plurima
580 682 696 739 vulnera
705 684 766 740 rita

166 762 205 815 ira
216 760 386 832 pharetratae
397 758 484 814 fertur
494 760 592 814 satiata
604 759 717 814 Dianae.
903 804 910 811 .

202 836 306 891 Rumor
315 835 345 889 in
359 834 491 908 ambiguo
503 843 558 890 est:
577 833 641 888 aliis
653 832 909 911 violentioraequm

167 911 227 966 visa
238 910 289 966 dea
300 919 351 974 est,
364 910 413 965 alii
427 907 540 965 laudent
549 908 721 982 dignamque
731 926 831 967 severa
923 956 927 967 .

109 998 149 1040 255
164 985 324 1058 virginitate
334 992 443 1040 vocent.
468 985 533 1040 Pars
544 984 653 1040 invenit
663 993 782 1057 utreque
794 1002 914 1045 eam.

164 1059 227 1116 Sola
236 1060 310 1115 lovis
324 1061 427 1115 coniux
438 1077 492 1115 non
502 1068 559 1116 tam
567 1059 697 1131 culpetne
707 1060 844 1132 probetne
859 1108 862 1113 .
923 1059 924 1062 ’

165 1135 314 1206 eloquitur,
328 1152 412 1206 quam
421 1134 499 1190 olade
510 1134 609 1190 domus
620 1135 655 1190 ab
666 1133 796 1209 Agenore
805 1136 903 1195 duolio
928 1161 929 1166 ¹

163 1210 274 1284 gaudet,
287 1218 315 1266 et
328 1227 342 1264 a
353 1211 435 1284 Tyria
446 1208 594 1265 collectum
603 1209 704 1282 pellice
715 1211 850 1267 transfert
919 1222 925 1237 ²

165 1287 194 1341 in
203 1285 315 1360 generis
325 1286 416 1340 sooios
426 1285 531 1340 odium.
563 1284 645 1340 Subit
654 1302 718 1340 ecee
729 1286 818 1358 priori
903 1308 909 1339 r

108 1373 148 1418 555
163 1358 698 1434 caussareoens‚gmvidnmquedoletde
708 1362 916 1437 seminemngnl

165 1436 447 1493 esselovisSemelon.
469 1435 912 1511 Tumlinguamadiurgiasolvit:

166 1513 286 1568 »Proieci
296 1513 366 1585 quid
375 1513 451 1570 euim
460 1513 541 1568 toties
550 1527 600 1584 per
610 1510 815 1585 iurgia‘ldixit.

165 1591 227 1660 lpse
237 1589 354 1660 petenda
365 1588 435 1643 mihi
446 1597 502 1644 est:
518 1587 618 1659 ipsam,
631 1587 789 1645 simaxima
798 1588 868 1645 luno
902 1652 907 1659 ,

163 1664 214 1719 rite
226 1680 316 1726 vocor,
329 1663 452 1734 perdam,
472 1664 497 1717 ei
510 1680 555 1716 me
565 1662 733 1735 gemmantia
743 1662 842 1719 dextre

108 1751 148 1795 555
163 1745 270 1809 sceptra
280 1745 374 1793 tenere
383 1737 472 1802 docet,
485 1738 510 1792 si
521 1754 585 1793 sum
595 1738 691 1811 regina
700 1737 834 1810 lorisque

162 1822 190 1868 et
200 1829 276 1868 soror
285 1820 313 1868 et
321 1814 434 1877 eoninx,
447 1820 520 1869 certe
529 1830 616 1870 soror.
641 1813 685 1878 At,
697 1820 775 1884 puto,
788 1812 864 1871 furto
873 1820 930 1871 555·

164 1896 299 1952 contenta,
312 1896 340 1944 et
349 1888 464 1945 thalami
475 1888 569 1944 brevis
579 1897 621 1945 est
630 1888 733 1944 iniuria
743 1891 843 1946 nostri.

165 1963 304 2035 Concipitl
322 1962 351 2020 id
362 1964 467 2020 deerat!
490 1963 825 2036 manifestaqueorimine
832 1964 914 2038 plene

164 2040 216 2096 fert
224 2047 311 2104 utero,
324 2047 351 2096 55
360 2047 454 2103 mater,
468 2039 542 2112 quod
553 2041 603 2095 vix
612 2039 682 2095 mihi
696 2041 816 2114 contigit
824 2042 884 2105 nui.

107 2129 147 2173 555
163 2118 197 2173 de
207 2117 271 2171 love
281 2114 342 2171 vult
352 2114 426 2171 lieri:
443 2122 516 2171 tanta
527 2122 569 2171 est
579 2114 680 2170 fiducie
691 2113 807 2172 formae.
901 2164 904 2169 .

164 2192 251 2249 Fallat
261 2208 322 2247 eam
331 2190 408 2248 laxo:
425 2207 477 2246 neo
487 2191 541 2245 sim
550 2190 688 2256 Saturnia,
700 2190 725 2246 si
735 2208 792 2247 non

163 2269 198 2323 ab
208 2269 271 2322 love
282 2284 370 2323 merea
380 2283 430 2323 suo
440 2265 550 2340 Stygias
559 2266 714 2337 penetrabit
723 2265 759 2321 ad
769 2265 886 2323 undae«

200 2342 296 2417 Surgit
305 2343 339 2399 nb
350 2342 395 2398 his
404 2341 484 2407 solio,
497 2340 629 2412 fulvaque
640 2340 781 2398 recondita
791 2340 869 2399 nube
928 2367 929 2372 ¹

166 2417 250 2473 limen
261 2418 319 2475 adit
328 2417 463 2486 Semeles3
477 2433 529 2473 nee
539 2416 628 2471 nubes
638 2425 702 2472 ente
712 2418 842 2483 removit,

123 2505 247 2600 ‘taquam
258 2492 403 2551 simulavit
411 2511 505 2558 enum,
520 2492 672 2564 posuitque
685 2492 721 2549 ad
733 2500 858 2566 tempora
866 2508 911 2548 or·

179 2586 187 2598 ¹
661 2585 721 2631 nos,

88 2632 128 2677 ²¹⁵
141 2621 338 2756 {tilffigsqitque
348 2652 440 2700 eutem
450 2642 537 2717 rugis,
550 2651 577 2699 55
589 2660 674 2700 curva
685 2642 816 2699 trementi

384 2888 423 2938 s,
522 2914 527 2923 .
