1876 3480
782 40 932 87 u

156 160 204 216 tta
344 144 710 213 noviomacensis
760 168 764 193 ³
794 126 799 133 ¹

151 278 234 341 atque
243 268 284 322 ibi
294 266 444 340 pallantem
454 267 647 340 trepidamque
656 274 686 323 at
694 274 795 325 cauma
804 268 896 355 omen
907 274 910 279 '

648 351 706 400 tem

153 429 180 477 et
190 421 244 475 iam
256 437 320 475 cum
330 420 462 486 lacrimis,
475 420 573 476 ubisit
584 436 726 494 germana,
737 429 885 495 rogantem,

151 496 279 562 includit,
295 496 441 569 laremque
450 495 529 552 nelas
539 506 566 550 et
576 496 718 570 virginem
727 504 756 551 et
765 514 848 553 unam

97 585 136 628 525
153 575 182 628 vi
193 582 318 645 superat,
335 572 436 628 frustra
446 571 562 628 clamato
573 588 656 645 saepe
666 580 792 646 parante,
816 584 821 591 ’

151 667 234 722 saepe
242 666 336 704 sorore
346 667 406 714 sua,
417 650 527 723 magnis
540 649 729 720 superomnia
741 648 827 704 divis.

153 727 203 782 Illa
214 726 314 790 uomit,
332 724 408 781 velut
420 742 491 798 agna
504 724 619 797 pavens,
635 742 708 798 quaa
718 726 815 781 saucia
824 726 881 781 caui

152 820 199 857 ore
209 819 325 857 excussa
336 801 396 874 lupi
407 801 531 857 nondum
538 801 596 856 sibi
609 808 668 857 tuta
679 800 801 867 videtur,

153 887 239 951 utque
249 878 377 934 columba
387 894 439 933 suo
448 874 610 933 made’iactis
619 878 759 952 sanguine
767 877 870 951 plumis

97 966 137 1010 tao
152 955 244 1010 horret
259 955 351 1010 adbuc
365 953 518 1027 avidosque
528 955 625 1019 timet,
647 953 754 1027 quibus
766 954 895 1013 haeserat

645 1044 688 1084 un
728 1047 771 1086 es.
870 1050 873 1057 ·

153 1108 218 1162 Mox
227 1107 277 1161 ubi
287 1122 366 1161 meos
377 1106 468 1172 rediit,
481 1124 578 1178 passos
589 1046 828 1178 laniatagobpillos,

154 1181 261 1256 lugenti
271 1182 384 1246 similis,
396 1183 488 1238 caesis
496 1181 628 1256 plangore
640 1180 761 1248 lacertis,

154 1258 301 1314 intendens
309 1257 431 1330 palmas:
448 1257 485 1314 »0
495 1257 565 1313 diris
576 1256 691 1314 barbaro
701 1257 797 1315 factis!

153 1352 170 1390 o
183 1334 318 1390 crudelisl
331 1335 379 1390 ait.
404 1336 498 1390 Necte
511 1334 638 1390 mandata
647 1335 774 1407 parantis

98 1421 137 1466 535
153 1429 216 1466 cum
228 1410 350 1466 lacrimis
357 1424 472 1466 movere
485 1411 551 1482 piis,
562 1427 615 1465 neo
623 1424 689 1465 cura
699 1411 813 1476 sotoris,

154 1505 205 1544 nec
216 1505 276 1543 mea
286 1487 443 1561 virginitas,
453 1503 506 1542 nec
519 1485 688 1561 coniugialia
698 1484 781 1542 iura?

154 1564 252 1620 Omnia
263 1563 394 1618 turbasti:
415 1562 510 1636 pellex
520 1578 571 1636 ego
581 1561 651 1618 facta
662 1564 776 1627 sororis,

153 1650 183 1695 tu
193 1641 322 1713 geminus
333 1641 445 1705 coniux,
457 1656 511 1694 non
522 1639 590 1694 haec
599 1636 671 1692 mibi
682 1638 777 1694 debita
784 1650 882 1712 poena

153 1715 227 1782 Quin
238 1716 359 1770 animam
367 1716 450 1780 banc,
462 1733 498 1771 ne
508 1715 583 1788 quod
593 1714 701 1771 facinus
712 1715 776 1780 tibi,
788 1712 899 1788 perlitis,

649 1798 743 1856 restet,

99 1875 138 1923 olo
153 1865 257 1939 eripis?
269 1865 359 1938 Atque
365 1867 476 1922 utinam
486 1865 600 1922 fecisses
610 1875 672 1922 ante
682 1866 819 1924 nefandos

154 1943 333 1999 concubitus!
350 1959 452 1998 vacuas
467 1943 629 1998 habuissem
642 1943 769 1998 criminis
781 1943 890 2000 umbras

154 2020 184 2076 Si
193 2028 286 2076 tamen
296 2019 348 2074 boc
358 2017 458 2090 Superi
469 2028 594 2083 cernunt,
607 2020 631 2073 si
639 2020 759 2075 'numina
769 2019 867 2076 divum

156 2105 221 2152 sunt
231 2095 347 2168 aliquid,
360 2095 385 2148 si
395 2112 450 2150 non
461 2096 603 2166 perierunt
613 2096 705 2150 omnia
716 2112 838 2160 mecum,

156 2171 377 2246 quandocunque
383 2170 458 2225 mibi
469 2188 572 2242 poenas
581 2171 672 2226 dabis.
705 2173 768 2243 lpsa
781 2173 886 2244 pudore

99 2256 138 2304 tlt
153 2251 274 2321 proiecto
283 2257 330 2303 tua
341 2246 411 2303 iacta
422 2244 528 2319 loquar.
561 2246 590 2302 Si
601 2248 679 2319 copia
690 2246 781 2313 detur,

64 2328 68 2334 '
155 2326 185 2379 in
195 2323 312 2397 populos
323 2325 444 2381 veniam.
474 2321 504 2378 Si
517 2322 598 2379 silvis
607 2323 701 2378 clausa
711 2323 838 2389 tenebar,

152 2400 275 2472 implebo
286 2401 382 2464 silvas,
395 2408 422 2455 et
432 2401 542 2455 conscia
553 2417 619 2454 saxa
629 2399 758 2455 movebo.

153 2476 255 2532 Audiat
265 2477 317 2532 boo
327 2477 430 2541 aether,
442 2476 503 2530 etsi
515 2476 583 2530 deus
593 2474 669 2530 ullus
681 2476 710 2529 in
723 2474 774 2530 illo
785 2486 854 2531 esta

156 2551 270 2607 Talibus
280 2554 321 2608 ira
331 2552 382 2608 feri
393 2561 539 2626 postquam
548 2561 683 2608 commota
692 2554 815 2625 tyranni,

100 2640 139 2683 550
154 2645 205 2683 nec
215 2629 306 2683 minor
314 2629 367 2685 bac
376 2638 467 2685 matus
478 2637 528 2694 est,
545 2645 641 2684 caussa
653 2626 815 2685 stimulatus
830 2638 903 2685 utra-

652 2721 707 2776 que
