1876 3480
151 147 202 209 240
342 152 370 201 P.
391 154 517 209 ΟΥΙΟΠ
536 152 705 203 NASONIS

95 267 134 312 315
150 257 196 312 hic
206 273 282 313 amor
292 255 406 313 estodio
418 257 509 313 maius
519 255 621 315 scelus.
654 255 787 330 Undique
796 256 863 314 lecti

152 343 178 388 te
191 333 309 406 cupiunt
320 349 458 407 proceres,
473 341 584 404 totoque
592 334 699 390 oriente
707 334 842 389 iuventus

152 409 187 464 ad
197 408 310 465 thalami
321 418 458 465 certamen
468 406 555 465 adest.
588 409 631 467 Ex
640 409 773 465 omnihus
784 426 870 465 unum

152 485 234 559 elige,
242 484 361 558 Myrrha,
369 486 470 549 virum,
481 483 548 541 dum
558 485 670 541 nesitin
677 485 811 541 omnihus
817 502 895 540 uuus.

150 561 200 617 llla
210 561 324 633 quidem
336 560 429 624 sentit,
444 559 580 632 foedoque
590 570 729 634 repugnat
737 563 835 625 smum,

96 648 136 694 311
151 647 178 693 et
189 654 282 705 secum
290 635 362 705 ‘Quo
372 635 565 693 mentesani?
577 636 646 709 quid
658 635 786 692 molior‘l'
797 638 896 710 inquit.

151 713 205 778 ‘Di,
221 730 330 784 precor,
343 720 370 767 et
379 713 484 777 Pietas,
501 721 660 784 sacrataque
671 712 733 769 iura
745 723 896 785 parentum,

154 790 207 844 hoc
216 787 361 863 prohibete
371 787 458 853 nefas,
470 788 625 860 scelerique
636 788 758 844 resistite
771 798 877 845 nostro:

153 862 486 923 sitamenhocscelusest.
505 862 778 920 Sedenimdamnare
788 875 899 939 negatur

154 942 225 999 hanc
240 956 369 997 venerem
385 941 483 1014 pietas.
513 939 673 1012 Coeumque
684 940 817 996 animalia
827 940 898 997 nullo

98 1027 137 1071 325
152 1026 258 1075 caetera
271 1015 381 1081 delicto,
393 1034 445 1073 nec
454 1015 572 1071 habetur
583 1024 664 1088 turpe
674 1015 811 1072 iuvencus

156 1093 225 1149 ferre
236 1101 340 1165 patrem
351 1101 436 1166 tergo,
449 1090 480 1147 fit
489 1108 561 1165 equo
569 1109 619 1149 sue
632 1091 690 1149 filie
704 1092 823 1163 eouiu13

154 1186 278 1243 quasque
289 1169 392 1227 creavit
401 1168 453 1223 init
462 1167 583 1240 pecudes
592 1185 684 1242 ceper,
695 1169 816 1241 ipsaque
824 1169 897 1225 ouius

156 1245 262 1301 semine
271 1254 401 1315 concepta
413 1253 463 1308 est,
476 1261 511 1299 ex
520 1242 570 1300 illc
579 1244 701 1316 concipit
710 1243 780 1300 ales.

156 1320 271 1384 Felices,
285 1319 387 1391 quibus
401 1321 453 1377 ista
464 1318 560 1384 licent!
576 1321 701 1377 Humana
711 1318 850 1394 malignas

99 1406 139 1451 331
154 1414 218 1451 cura
233 1395 308 1453 dedit
321 1395 407 1469 leges,
419 1405 446 1451 et
456 1395 530 1468 quod
540 1404 636 1451 natura
646 1396 773 1461 remittit,

155 1471 249 1528 invida
266 1473 326 1527 iura
341 1480 452 1546 negant.
482 1471 584 1527 Gentes
594 1471 895 1536 tomeneseeleruotur,

158 1550 187 1605 iu
198 1548 302 1622 quibus
313 1558 339 1605 et
350 1557 412 1605 nato
422 1548 553 1620 genitrix,
566 1556 593 1603 et
604 1555 665 1604 note
680 1549 790 1621 parenti

157 1625 291 1697 iungitur,
304 1635 331 1679 et
340 1626 428 1696 pietas
437 1623 577 1696 geminato
587 1624 686 1678 crescit
696 1641 802 1680 amore.

157 1703 200 1755 Me
210 1701 349 1763 miseram,
365 1698 439 1771 quod
452 1716 506 1757 uon
520 1701 596 1755 nasci
608 1699 679 1755 mihi
689 1702 809 1775 contigit
819 1700 881 1763 illic,

101 1787 141 1830 335
160 1775 323 1846 fortunaque
334 1775 387 1833 loci
398 1774 502 1831 laedorl
515 1805 552 1817 -
570 1774 684 1841 Ouidio
699 1777 753 1832 ista
764 1772 896 1832 revolvor?

156 1851 224 1922 Spes
235 1852 396 1907 interdictae
407 1849 554 1908 disceditel
575 1852 682 1924 Dignus
695 1854 784 1907 amari

158 1928 215 1991 ille,
228 1926 277 1981 sed
288 1936 319 1997 ut
329 1936 414 1998 pater,
426 1936 477 1981 est.
489 1957 527 1969 -
535 1928 609 2000 Ergo
619 1928 644 1983 si
656 1926 713 1983 filia
724 1929 821 2002 magni

159 2021 212 2059 non
223 2020 312 2057 essem
323 2003 448 2076 Cinyrae,
465 2003 581 2076 Cinyrae
592 2002 776 2059 concumbere
787 2018 894 2076 possem.

158 2081 238 2134 Nunc
248 2080 314 2152 quia
325 2080 379 2134 iam
393 2095 472 2135 meus
483 2089 538 2143 est,
555 2096 609 2134 uon
625 2087 667 2135 est
679 2096 775 2144 meus,
793 2081 895 2151 ipsaque

657 2153 759 2211 damno

103 2239 142 2285 311
161 2239 202 2286 est
211 2229 280 2287 mihi
292 2229 464 2300 proximitas.
495 2229 592 2286 Aliena
603 2232 741 2301 potentior
752 2249 851 2288 essem

160 2308 201 2361 Ire
214 2305 281 2362 libet
292 2305 385 2377 procul
398 2305 473 2369 hinc,
490 2307 650 2378 patriaeque
660 2305 820 2378 relinquere
831 2306 894 2365 lines

159 2381 226 2439 dum
236 2380 328 2436 scelus
339 2380 479 2455 effugiam.
504 2381 613 2437 Retinet
623 2381 713 2437 malus
724 2383 807 2440 ardor
817 2397 896 2439 amer·

162 2541 193 2587 ut
206 2549 335 2602 praesens
350 2540 471 2604 spectem
482 2533 611 2607 Cinyram
622 2466 791 2609 tadeglquue
803 2535 897 2607 loquat·

158 2681 310 2759 osculaque
322 2682 495 2748 admoveam,
504 2686 530 2740 si
539 2684 580 2740 nil
588 2627 750 2741 concddillrr
760 2687 843 2743 ultro.
