1876 3480
122 168 173 223 36l
317 174 344 219 1‘.
366 174 493 220 ovum
513 173 685 220 NASONIS

121 276 232 333 Transit
242 276 271 331 in
285 284 415 331 aestatem
427 282 489 346 post
499 291 548 330 ver
558 274 701 331 robustior
710 292 811 341 annus,

123 353 209 425 litque
219 352 315 406 valens
325 351 451 407 iuvenis:
470 351 645 423 nequeenim
657 350 875 409 robustioraetas

122 427 189 492 ulla,
201 444 252 482 neo
262 427 383 491 uberior,
397 443 447 481 nec
459 443 529 498 quae
541 427 632 500 magis
641 426 748 493 ardeat,
760 426 817 485 ulla
827 438 873 483 est.

122 504 404 576 Excipirautumnus
422 503 510 572 posito
521 499 629 557 fervore
639 502 773 558 iuventae

66 591 106 635 tto
122 588 246 635 maturus
258 579 389 650 mitisque
401 579 472 632 inter
482 578 671 650 iuvenemque
681 595 834 651 senemque

121 655 255 728 temperie
267 653 385 717 medius,
399 670 512 725 sparsus
523 670 636 725 quoque
647 661 774 726 tempora
784 656 864 710 canis.

123 730 189 785 lnde
199 728 297 784 senilis
312 729 402 784 hiems
415 729 534 784 tremulo
545 729 622 784 venit
632 728 748 785 horrida
758 747 850 802 passu,

123 815 171 861 aut
179 804 294 877 spoliata
305 822 380 868 suos,
393 812 449 868 aut,
462 820 533 876 quos
544 803 637 867 habet,
649 804 716 860 alba
725 805 850 878 capillos.

121 884 217 937 Nostra
225 881 466 953 quoqueipsorum
476 881 815 953 semperrequiequesine
824 878 871 937 ulls

67 968 106 1012 tto
122 973 235 1028 corpora
249 965 409 1012 vertuntur:
426 972 478 1010 neo
491 955 566 1027 quod
577 954 723 1012 fuimusve
737 974 869 1021 sumusre,

124 1050 184 1087 cras
197 1032 312 1086 erimus.
343 1031 407 1087 Fuit
417 1030 465 1085 illa
476 1031 546 1096 dies,
559 1048 614 1102 qua
625 1032 735 1088 semina
747 1043 848 1089 tantum

123 1125 244 1180 spesque
260 1107 406 1163 hominum
420 1107 526 1179 primae
546 1116 670 1163 materna
693 1106 871 1165 habitavimus

623 1181 698 1239 alvo.

123 1258 251 1314 Artifices
262 1267 358 1313 natura
370 1275 469 1313 manus
479 1256 612 1323 admovit,
630 1268 658 1314 et
668 1261 736 1334 angi

124 1350 236 1406 corpora
248 1333 405 1388 visceribus
416 1333 551 1388 distentae
561 1333 673 1390 condita
685 1336 783 1391 matris

67 1422 108 1465 tau
122 1409 220 1475 noluit,
236 1426 307 1481 eque
321 1409 403 1465 domo
414 1427 515 1464 vacuas
525 1410 618 1464 emisit
628 1410 658 1465 in
673 1427 768 1466 auras.

123 1486 221 1542 Editus
233 1485 260 1541 in
273 1485 363 1540 lucem
374 1485 461 1540 iacuit
470 1487 531 1539 sine
544 1485 652 1540 viribus
664 1486 773 1541 infans:

125 1561 480 1633 moxquadrupes,rituque
488 1561 608 1616 tulitsun
616 1562 740 1617 membra
749 1562 868 1618 ferarum:

125 1637 313 1709 paulatimque
324 1646 444 1692 tremens
455 1646 481 1691 et
492 1635 615 1690 nondum
627 1636 734 1709 poplite
747 1639 823 1694 firmo

123 1714 255 1775 constitit,
268 1712 370 1767 adiutis
381 1711 474 1783 aliquo
484 1713 629 1766 conamine
640 1715 747 1768 nervis.

68 1800 108 1842 225
123 1788 189 1844 lnde
201 1788 295 1844 valens
308 1787 444 1858 veloxque
456 1787 518 1851 luit,
530 1789 711 1860 spatiumque
723 1791 848 1845 iuventae

125 1865 230 1926 transit,
244 1873 270 1918 et
281 1865 401 1918 emensis
418 1863 502 1918 medii
514 1880 625 1935 quoque
636 1866 773 1937 temporis
783 1868 856 1921 annis

124 1940 225 1994 labitur
234 1938 366 1994 occiduae
378 1956 426 2009 per
437 1940 489 1992 iter
499 1937 607 1992 declive
620 1951 762 1996 senectae.

124 2015 239 2070 Subruit
253 2015 319 2070 baec
330 2016 391 2069 aevi
403 2013 608 2086 demoliturque
620 2017 722 2087 prioris

123 2090 232 2158 robora3
248 2088 437 2161 lletquerllilon
450 2091 550 2153 senior,
562 2106 649 2161 quum
663 2101 774 2163 spectat
787 2095 872 2148 inanes

67 2178 107 2220 ltu
124 2166 201 2230 illos,
218 2167 266 2237 qui
279 2165 386 2220 fuerant
397 2165 548 2219 solidorum
560 2165 632 2220 mole
644 2176 769 2222 tororum

124 2241 266 2296 Herculeis
276 2242 393 2303 similes,
407 2239 506 2295 fluidos
518 2241 637 2312 pendere
650 2241 779 2299 lacertos.

124 2318 185 2373 Flet
203 2334 329 2389 quoque,
367 2324 398 2370 ut
422 2317 450 2370 in
470 2315 617 2389 speculum
642 2335 728 2392 rugas
754 2320 873 2393 adspexit

566 2393 665 2458 aniles,

124 2467 269 2538 Tyndaris,
283 2477 309 2523 et
319 2485 424 2530 secum,
437 2483 487 2521 cur
498 2467 535 2521 sit
545 2467 589 2522 bis
599 2478 687 2540 rapta,
700 2472 829 2542 requirit.

126 2544 247 2614 Tempus
258 2544 329 2598 edax
340 2561 443 2605 rerum,
455 2551 540 2615 tuque
553 2544 692 2600 invidiosa
704 2556 836 2611 vetustas,

66 2627 105 2671 235
123 2620 216 2672 omnia
227 2618 380 2683 destruitis,
393 2619 545 2690 vitiataque
555 2618 688 2675 dentibus
698 2623 764 2678 aevi

114 2691 256 2769 paulatim
269 2693 344 2754 lenta
355 2694 522 2752 consumitis
531 2695 733 2751 omniamurte.
