1876 3480
156 183 205 236 358
345 187 371 231 P.
393 186 522 233 ovruu
541 186 712 233 NASONIS

153 290 271 344 intrasse
283 296 309 343 et
320 289 416 361 requie
428 287 542 361 longum
553 287 691 343 relevasse
703 286 840 358 laborem,

155 373 237 436 atque
247 365 285 419 ita
296 363 443 419 discedens
452 363 550 428 ‘devm
564 363 682 429 dixisse,
694 371 829 435 nepotum

156 440 203 494 hic
213 439 290 495 locus
301 439 379 494 urbis
393 438 467 507 erit’3
483 440 675 511 promissaque
689 456 756 494 vera
770 438 891 495 luerunt.

154 517 224 571 Nam
235 514 288 570 luit
297 514 426 588 Argolico
437 524 584 587 generatus
593 513 728 569 Alemone
740 515 856 587 quidam

98 603 124 645 tu
153 589 302 664 ltlyscelos,
316 589 393 644 illius
404 589 448 644 dis
459 591 672 661 acceptissimus
682 590 756 645 aevi.

156 669 234 721 Hunc
245 683 330 737 super
341 666 506 720 incumbens
517 682 645 736 pressum
655 666 795 738 gravitate
806 665 908 737 soporis

155 741 284 814 Claviger
294 740 459 812 alloquitur:
473 740 600 804 ‘Patrias
613 758 674 813 age,
686 740 786 796 desere
797 740 889 796 sedes:

156 819 174 880 i,
189 827 249 888 pete
260 817 364 871 diversi
377 816 515 888 lapidosas
525 815 635 870 Aesaris
647 815 764 871 undasl’

153 902 189 956 ct,
203 893 257 947 uisi
268 893 400 964 paruerit,
416 891 501 947 multa
512 908 542 946 ac
553 891 700 946 metuenda
712 892 847 948 minatur.

97 979 123 1023 25
151 969 215 1023 Post
226 985 257 1022 ea
268 967 415 1022 discedunt
427 968 529 1039 pariter
539 984 711 1038 somnusque
722 967 861 1041 deusque.

152 1044 247 1117 Surgit
258 1041 445 1107 Alemonides,
458 1043 595 1114 tacitaque
605 1044 727 1098 recentia
740 1053 835 1098 mente

154 1120 214 1173 visa
227 1118 319 1182 refert,
334 1128 494 1191 pugnatque
505 1117 554 1171 diu
565 1119 703 1173 sententia
714 1136 824 1174 secum.

152 1195 262 1248 Numen
274 1193 350 1248 abire
362 1196 453 1248 iubet:
472 1194 619 1265 prohibent
628 1193 775 1249 discedere
789 1195 872 1269 leges,

155 1286 298 1340 poenaque
309 1287 382 1324 mors
394 1271 483 1341 posita
497 1278 539 1323 est
550 1269 666 1340 patriam
676 1278 786 1325 mutare
798 1268 905 1326 volenti.

97 1357 123 1398 30
151 1344 293 1400 Candidus
303 1363 405 1401 oceano
420 1345 540 1400 nitidum
550 1354 633 1416 caput
644 1345 791 1401 abdiderat
800 1345 856 1410 Sol,

152 1430 179 1475 et
189 1430 273 1492 caput
283 1420 418 1476 extulerat
428 1420 593 1475 densissima
605 1420 748 1475 sidereum
761 1439 833 1477 nox:

156 1498 233 1551 visus
244 1496 340 1551 adesse
353 1496 427 1551 idem
439 1497 507 1550 deus
521 1505 572 1560 est,
584 1495 739 1569 eademque
750 1514 871 1561 monere.

154 1582 189 1635 et,
203 1573 259 1626 nisi
270 1573 401 1643 paruerit,
416 1571 495 1642 plura
507 1581 533 1626 et
544 1573 671 1644 graviora
682 1574 797 1627 minari.

151 1649 306 1712 Pertimuit,
321 1648 497 1719 patriumque
509 1646 593 1701 simul
606 1647 754 1702 transferre
767 1650 876 1720 parabat

97 1735 121 1776 35
152 1725 180 1777 in
192 1724 272 1778 sedes
288 1723 426 1794 penetrale
438 1741 534 1777 novas.
564 1724 608 1777 Fit
622 1741 750 1778 murmur
761 1724 791 1778 in
806 1728 878 1785 urbe,

18 1792 26 1805 ⁸
154 1798 645 1871 spretarumqueagiturlegumreus.
659 1799 900 1870 thueperactaest

153 1893 249 1929 caussa
262 1876 345 1945 prior,
357 1875 519 1945 crimenque
531 1875 898 1946 patetsinetesteprobatum.

153 1950 298 2022 squalidus
310 1950 343 2005 ad
358 1948 478 2020 Superos
490 1949 589 2004 tollens
602 1967 665 2003 reus
677 1967 724 2004 ora
736 1966 885 2024 manusque

150 2025 184 2080 ‘0
196 2027 242 2079 oui
253 2027 297 2079 ius
308 2024 377 2079 coeli
388 2025 432 2078 bis
444 2042 494 2079 sex
505 2024 594 2079 fecere
605 2024 725 2091 labores,

96 2110 122 2154 lo
157 2101 196 2156 ser
208 2118 317 2173 precor,
336 2101 441 2172 inquit,
459 2101 554 2172 opeml
577 2118 640 2154 nam
656 2110 686 2154 tu
699 2102 772 2157 mihi
787 2098 897 2157 criminis

654 2176 770 2231 auctor?

152 2253 210 2305 llos
222 2260 279 2306 erat
292 2251 423 2322 antiquus
435 2251 526 2305 niveis
537 2253 659 2321 atrisque
676 2251 794 2323 lapillis,

152 2327 196 2380 his
208 2327 417 2390 damnaremus,
431 2325 488 2381 illis
499 2327 643 2381 absolvere
654 2327 700 2380 cul
705 2344 749 2398 pa.

153 2405 348 2475 Tuncquoque
359 2404 399 2456 sio
411 2400 461 2457 lata
474 2412 515 2457 est
525 2403 660 2457 sententia
672 2404 773 2467 tristis,
786 2399 896 2458 etomnis

152 2475 424 2533 calculus'immitem
436 2477 591 2532 demittitur
601 2488 658 2533 ater
668 2478 698 2532 iu
710 2496 821 2534 urnam.

97 2560 121 2604 le
152 2552 227 2618 Quae
238 2553 322 2607 simul
334 2553 431 2608 elludit
444 2552 628 2607 numerandos
642 2570 722 2609 versa
734 2553 851 2626 lapillos,

149 2628 283 2684 omnibus
293 2646 307 2684 e
319 2630 399 2704 nigro
410 2630 484 2683 color
495 2638 536 2683 est
547 2637 668 2684 mutatus
681 2630 711 2683 in
722 2628 827 2693 album,

14 2762 38 2791 a
46 2760 92 2800 ι
141 2707 328 2785 candidaque
338 2705 477 2766 Herculeo
488 2705 626 2762 sententia
632 2707 747 2760 nurnine
758 2705 826 2761 facta
