1876 3480
155 170 187 226 dl
341 177 369 222 P.
390 175 520 224 ov11t11
538 175 707 222 NASONIS

155 280 227 335 hauc
238 278 282 352 leg
265 295 328 333 nem
338 276 459 342 dederat,
471 295 522 332 sua
533 294 566 332 ne
577 286 680 333 secreta
694 276 829 333 viderent.

152 354 252 411 Abdita
263 321 359 408 froude
371 352 427 409 levi
437 352 521 407 densa
533 352 698 425 speculabar
708 352 743 408 ab
753 352 840 418 ulmo,

153 429 357 503 quidlacerent
378 428 905 494 Commissaduaesinefraudetuentur

153 506 307 561 Pandrosos
318 506 501 576 atqueHerse.
519 504 643 560 Timidas
656 513 733 560 vocat
739 522 793 561 una
799 522 906 560 sorores

98 593 137 637 666
113 581 298 655 tAglauros,
314 581 457 654 nodosque
468 597 552 635 manu
563 578 680 646 diducit,
699 589 726 636 et
735 581 812 636 intus

152 657 342 730 infantemque
353 655 463 722 vident,
480 665 730 746 apporrectumqua
746 656 905 712 draconem.

153 733 219 789 Acta
229 732 296 788 deae
307 731 409 787 relaro:
427 750 477 806 pro
491 749 546 804 quo
557 732 627 787 mihi
640 733 729 806 gratia
743 732 807 787 talis

153 809 288 874 redditur,
303 816 334 863 ut
344 807 422 863 dicar
433 805 518 863 tutela
529 807 610 880 pulsa
623 809 764 865 Minervae

154 893 180 940 66
191 902 277 957 ponar
287 891 350 957 post
360 884 448 938 noctis
459 900 549 940 avem
579 885 639 939 lllea
650 901 738 956 poena
749 884 878 939 volucres

99 972 137 1016 666
155 960 333 1016 admonuisse
341 967 441 1032 potest,
454 977 488 1014 ne
500 976 566 1015 voce
576 959 701 1031 pericula
712 969 857 1033 quaerant.

153 1036 197 1101 At,
210 1044 287 1109 puto,
299 1053 354 1090 non
365 1034 453 1100 ultro,
469 1035 688 1108 necquidquam
698 1035 752 1092 tale
763 1044 905 1110 rogantem

155 1130 199 1167 me
209 1109 308 1184 petiit‘l
322 1111 400 1166 Licet
409 1110 461 1165 boc
472 1128 507 1166 ex
517 1113 578 1200 ipsa
587 1110 700 1167 Pallade
709 1129 838 1184 quaeras.

151 1187 301 1255 Quamvis
293 1195 361 1242 trata
376 1195 427 1251 est,
440 1204 494 1242 non
508 1186 578 1242 hoc
570 1196 638 1243 irata
649 1205 704 1262 neg
686 1187 773 1243 nabit.

152 1266 222 1319 Nam
233 1281 277 1318 me
286 1263 421 1318 Phocaica
435 1261 526 1318 clarus
537 1263 636 1319 tellure
650 1263 799 1328 Coroneus,

97 1351 136 1394 666
153 1348 215 1395 nota
229 1337 335 1412 loquor,
351 1340 458 1413 genuit,
470 1337 633 1411 fueramque
647 1356 757 1414 ego„
709 1357 758 1395 66ο
759 1358 786 1395 ra
795 1357 890 1414 virgo

154 1416 346 1487 divitibusque
357 1415 458 1487 procis,
470 1432 504 1471 66
515 1432 559 1470 me
571 1424 724 1480 contemne,
738 1415 862 1487 petebar.

153 1494 251 1547 Forma
262 1490 333 1545 mihi
344 1491 451 1559 nocuit;
473 1508 537 1547 nam
548 1509 636 1564 quum
646 1508 697 1563 per
707 1490 799 1546 littora
809 1491 893 1547 lentis

152 1567 291 1640 passibus,
303 1576 335 1622 ut
343 1566 428 1631 soleo,
441 1584 549 1623 summa
559 1568 693 1640 spatiarer
703 1584 794 1631 arena,

154 1642 224 1698 vidit
235 1652 261 1698 et
271 1642 387 1697 incaluit
397 1643 491 1716 pelagi
504 1641 588 1697 deus:
604 1651 687 1733 atque
697 1642 835 1716 precando

97 1732 136 1774 666
152 1728 274 1791 tempora
285 1735 350 1772 cum
359 1717 470 1773 blandis
481 1720 634 1774 consumsit
644 1719 737 1774 inania
747 1718 852 1782 verbis,

153 1810 211 1849 vim
222 1801 298 1865 parat
308 1801 334 1847 et
343 1793 479 1864 sequitur
501 1794 905 1883 Fugiodensumquerelinquo

153 1870 241 1933 littus,
252 1877 279 1923 et
288 1869 318 1923 iu
330 1868 408 1924 molli
419 1869 609 1941 nequidquam
623 1871 710 1925 lassor
720 1888 812 1926 arena.

154 1944 219 1999 Inde
233 1943 299 1999 deos
310 1944 493 2017 hominesque
504 1962 586 2000 voco:
608 1963 660 2001 nec
670 1947 787 2034 contigit
796 1944 887 2001 ullum

152 2038 206 2076 666
216 2038 276 2075 mea
287 2019 441 2075 mortalem.
471 2020 543 2075 Mota
554 2029 596 2077 est
609 2039 658 2094 pro
671 2023 783 2094 virgine
794 2023 883 2095 virgo,

97 2107 136 2150 666
152 2097 346 2167 auxiliumque
356 2096 430 2150 tulit.
468 2094 626 2152 Tendebam
636 2097 749 2153 brachia
760 2095 851 2152 coelo:

152 2171 265 2227 brachia
276 2180 427 2244 coeperunt
436 2169 586 2226 levibus
558 2190 715 2246 nigrescere
726 2174 837 2245 pennis.

151 2248 276 2303 Reiicere
287 2265 323 2302 ex
333 2247 457 2303 humeris
467 2255 573 2302 vestem
583 2247 715 2316 molibar3
732 2257 759 2304 66
770 2247 819 2304 illa

152 2324 247 2395 pluma
257 2333 323 2388 erat,
340 2324 426 2396 inque
437 2330 529 2377 cutem
542 2323 649 2378 radices
659 2323 756 2379 fixerat
766 2325 847 2380 imas.

153 2399 286 2472 Plangere
300 2398 374 2454 nuda
388 2399 458 2454 meis
469 2399 588 2454 conabar
601 2408 709 2472 pectora
720 2399 837 2472 palmis:

98 2485 137 2529 666
153 2473 482 2548 sednequeiampalmas,
494 2491 546 2530 nec
556 2484 666 2545 pectora
677 2475 751 2530 nuda
761 2475 904 2549 gerebam.

155 2549 319 2606 Currebam:
331 2567 392 2615 nec,
406 2558 436 2605 ut
446 2559 518 2615 ante,
529 2550 615 2622 pedes
625 2550 762 2606 retinebat
772 2568 864 2614 arena,

155 2625 205 2680 sed
215 2643 323 2681 summa
333 2625 450 2681 tollebar
462 2624 557 2681 humo.
589 2628 654 2683 Mox
663 2634 721 2681 6666
735 2643 785 2699 per
795 2642 877 2681 auras

149 2701 294 2756 erederet
303 2701 364 2758 data
375 2719 440 2758 sum
454 2718 546 2758 comes
560 2703 701 2775 inculpata
710 2703 861 2758 Mineruae.
