1876 3480
167 661 546 712 METAMORPHOSEON
563 659 633 709 ΜΒ.
652 665 722 714 xiv.
771 662 820 716 ‘stt

70 783 183 823 currere
194 766 318 831 miratus,
335 781 440 837 pennus
450 764 480 820 in
490 781 603 838 corpore
613 765 699 824 vidit:

71 859 160 914 aeque
169 857 270 899 novam
279 840 372 896 subito
381 840 468 896 Latiis
477 840 607 897 accedere
617 840 698 898 silvis
837 858 860 901 tt

71 917 234 993 indignatus
244 933 333 982 avem,
350 915 420 972 duro
430 916 486 972 fers
499 916 595 974 robora
606 926 693 975 rostro

71 994 144 1068 figit,
156 1002 184 1048 et
193 993 279 1049 iratus
290 991 380 1067 longis
390 990 437 1049 dat
446 990 560 1049 vulnera
574 994 669 1049 ramis.

70 1071 246 1141 Purpureum
256 1066 411 1142 chlamydis
422 1085 528 1140 pennae
539 1078 645 1126 traxere
655 1070 788 1128 colorem:

73 1144 160 1203 fibula
171 1143 246 1216 quod
255 1141 344 1199 fuerat
354 1151 514 1216 vestemque
525 1146 819 1216 momorderataurum‚

71 1219 168 1294 pluma
177 1218 218 1285 fit.
229 1228 257 1275 et
270 1218 346 1275 iulvn
356 1219 452 1274 cervix
462 1221 650 1294 praecingitur
659 1241 739 1282 suro:
839 1236 879 1280 tut

71 1294 284 1367 necquidquam
295 1295 440 1367 antiquum
446 1295 521 1361 Pico,
532 1297 588 1351 nisi
599 1299 720 1365 nomina,
728 1311 820 1356 restat.

72 1374 180 1427 Interea
189 1371 314 1436 comitas,
326 1370 442 1425 clamato
452 1387 534 1443 saepe
545 1388 594 1444 per
604 1390 684 1446 agros

72 1446 264 1520 nequidquam
272 1446 338 1501 Pico
347 1444 480 1518 nullaque
491 1446 519 1501 in
530 1455 607 1518 parte
617 1459 734 1520 reperto,

73 1522 221 1577 inveniunt
231 1520 339 1587 Circen,
351 1539 414 1576 nam
426 1522 481 1575 iam
491 1529 651 1579 tenuaverat
662 1542 751 1588 auras,

73 1612 211 1670 passaque
221 1605 279 1652 erat
288 1594 405 1652 nebulas
415 1597 506 1652 ventis
517 1614 548 1652 ac
559 1597 617 1653 scie
626 1599 741 1669 resolvi3
840 1609 880 1656 tuo

72 1672 835 1749 criminibusquepremuntverisnegemquereposcunt,

74 1750 189 1820 vimque
199 1747 300 1812 ferunt,
316 1748 463 1821 saevisque
474 1759 571 1820 parant
581 1751 718 1807 incessere
730 1752 804 1808 telis.

73 1823 124 1879 illa
134 1839 237 1880 nocens
247 1823 353 1898 spargit
367 1823 444 1879 virus
455 1841 609 1897 succusque
619 1830 729 1892 veneni,

74 1907 101 1954 et
109 1900 224 1955 Noctem
234 1899 385 1971 Noctisque
393 1898 459 1955 deos
469 1899 615 1973 Ereboque
625 1900 755 1974 Chanque

74 1982 217 2039 convocat,
230 1982 257 2030 et
267 1972 358 2047 longis
366 1975 485 2030 Hecaten
494 1973 649 2030 ululatibus
659 1987 727 2033 orat.
841 1986 880 2032 tut

73 2050 221 2106 Exsiluere
232 2049 301 2114 loco,
315 2049 392 2107 dictu
402 2049 544 2106 mirabilel
560 2049 658 2116 silvae,

76 2125 268 2201 ingemuitque
278 2124 379 2190 sulum,
393 2125 541 2198 vicinaque
550 2124 650 2198 palluit
659 2126 748 2192 arbor.

81 2216 227 2331 sparsaque
237 2200 400 2275 sanguineis
410 2200 565 2257 rubuerunt
577 2201 677 2273 pebuia
688 2205 786 2277 guttis,

86 2276 170 2349 ttlapi
191 2276 345 2332 esrisimu
367 2275 512 2333 'tusedere
522 2292 629 2342 raucos,

91 2351 210 2408 tlatrare
221 2368 303 2408 canes
313 2359 340 2408 st
373 2369 456 2408 umus
465 2368 510 2407 ser
547 2352 641 2408 ntibus
652 2354 718 2409 atris
841 2361 881 2407 tto

96 2427 204 2500 qualere
213 2437 241 2484 et
250 2436 347 2485 tenues
358 2429 465 2483 animae
476 2368 590 2483 voffiare
599 2426 741 2484 silentum.

101 2504 229 2559 ttonitum
240 2504 369 2559 monstris
380 2503 483 2578 vulgus
493 2511 584 2575 pavet.
614 2502 663 2559 Ilia
673 2510 822 2575 paventum

108 2597 122 2634 a
133 2586 266 2634 venenata
277 2579 368 2652 tetigit
378 2579 505 2634 mirantis
517 2579 605 2652 virge,

113 2655 158 2709 ius
168 2654 203 2710 ab
214 2661 316 2710 attactu
328 2655 465 2709 variarum
475 2662 595 2709 monstra
606 2653 726 2709 ferarum

119 2731 237 2785 iuvenes
248 2729 378 2784 veniunt:
395 2727 466 2785 nulli
480 2745 530 2784 sua
541 2730 642 2784 mansit
654 2730 757 2803 imago.
844 2734 884 2782 trs

123 2814 215 2860 sserat
224 2804 358 2860 occiduus
369 2804 505 2860 Tartessia
516 2804 606 2860 littora
615 2803 754 2869 Phoebus,

128 2889 215 2936 rustra
227 2881 330 2936 coniux
339 2879 429 2937 oculis
439 2879 587 2952 animoque
597 2879 726 2936 Canentis

133 2964 331 3027 nectetuserat.
367 2953 476 3012 Famuli
486 2954 664 3029 populusque
674 2971 724 3028 per
733 2970 830 3010 omnes

140 3040 239 3086 urruut
248 3030 343 3096 silves,
361 3040 443 3104 atque
452 3030 535 3087 obvia
546 3031 651 3088 lumina
661 3037 779 3104 portant.

144 3108 212 3162 sutis
225 3115 267 3162 est
280 3106 419 3181 nymphae
429 3105 493 3161 flere
503 3116 531 3163 et
540 3108 660 3163 incerare
669 3105 784 3178 capillos
844 3111 885 3158 teu

152 3200 182 3238 re
193 3182 366 3258 plangorem3
381 3181 518 3239 iacithaec
528 3182 837 3252 tameuemnis„seuus
