1876 3480
171 148 207 200 co
365 153 393 198 P.
414 152 543 201 ovrnrr
561 138 740 199 nasonrs'
776 162 781 167 -

174 271 285 330 quoque
296 255 386 329 magis
396 255 532 327 sequitur,
544 253 654 310 flamma
664 257 793 328 propiore
804 256 926 322 calescit,

174 348 229 386 non
243 330 332 396 aliter,
348 348 433 402 quam
444 348 532 403 quum
542 331 661 385 summis
672 331 830 387 circumlita
840 332 928 387 taedis

172 406 295 463 admotas
305 408 418 478 rapiunt
428 407 536 462 vivacia
547 406 655 462 sulfura
665 405 801 463 flammas.

117 495 157 538 375
171 482 194 538 Ο
205 486 315 554 quoties
327 482 416 539 voluit
425 482 536 538 blandis
547 482 678 538 accedere
688 483 771 538 dictis

171 567 199 614 et
208 557 307 614 molles
318 558 450 614 adbibere
464 559 574 631 preces!
600 560 703 614 Natura
714 570 863 634 repugnat,

173 653 225 689 nec
235 635 304 690 sinit
313 635 440 706 incipiat.
470 633 535 700 Sed,
547 632 624 706 quod
634 634 711 701 sinit,
723 634 773 691 illa
783 644 930 708 parata'eat

173 719 334 782 exspectare
344 727 437 776 sonos,
449 709 485 766 ad
494 727 565 783 quos
578 729 629 766 sua
638 711 723 767 verba
737 710 869 768 remittat.

172 789 252 843 Forte
263 803 342 859 puer,
357 787 491 842 comitum
501 785 635 842 seductus
645 786 681 842 ab
691 788 804 862 agmine
814 786 881 853 fido,

118 874 157 917 aaa
171 863 293 918 dixerat:
311 863 430 936 »Ecquis
445 861 559 919 adest‘lo
577 871 606 918 et
620 861 735 994 »Adqsth
749 862 932 936 responderat

696 955 760 995 oo.

174 1015 225 1068 llio
235 1023 342 1086 stupet,
359 1023 442 1087 atque
457 1015 546 1071 aciem
555 1023 647 1087 partes
657 1013 767 1071 dimisit
775 1015 807 1071 in
815 1030 928 1085 omnes,

175 1107 242 1145 voce
254 1090 352 1146 »Veni«
368 1091 468 1146 clamat
477 1108 589 1166 magna.
618 1090 704 1147 Vocat
713 1090 762 1147 illa
774 1100 930 1149 vocantem.

173 1166 307 1237 Respicit,
319 1176 347 1222 et
356 1183 454 1222 rursus
464 1165 542 1222 nullo
553 1168 696 1223 veniente:
713 1165 813 1234 »Quid
826 1166 930 1239 inquit,

173 1259 217 1296 me
229 1240 342 1314 fugislo
357 1250 385 1297 et
394 1242 519 1308 totidem,
531 1252 600 1315 quot
609 1241 691 1308 dixit,
704 1242 790 1299 verba
800 1243 930 1315 recepit..

119 1329 158 1371 385
173 1318 288 1382 Perstat,
302 1327 329 1373 et
338 1316 459 1374 alternae
470 1316 603 1390 deceptus
613 1319 736 1393 imagine
746 1318 841 1375 vocis:

174 1395 247 1448 »Huc
258 1396 401 1449 coeamus«
411 1394 459 1458 ait,
472 1393 600 1466 nullique
612 1393 746 1451 libentius
757 1410 885 1468 unquam

176 1487 342 1542 responsura
352 1487 419 1526 sono
432 1469 595 1527 »Coe'amuso
606 1471 701 1526 retulit
710 1470 797 1536 Echo,

175 1557 201 1600 et
211 1546 305 1601 verbis
316 1544 390 1602 favet
400 1547 461 1618 ipsa
471 1547 541 1611 suis,
554 1562 722 1620 egressaque
734 1547 808 1603 silva

175 1622 242 1686 ibat,
256 1629 287 1676 ut
297 1623 424 1677 iniiceret
436 1631 545 1694 sperato
554 1622 668 1678 brachia
677 1621 761 1678 collo.

118 1706 158 1750 atu
173 1696 224 1750 Ille
230 1696 311 1769 fugit,
320 1696 500 1770 fugiensque:
513 1699 624 1754 »Manus
630 1697 827 1770 complexibus
837 1696 931 1753 auferl

174 1781 246 1834 ante,
260 1772 307 1835 ait,
323 1773 449 1837 emoriar,
463 1790 547 1844 quam
558 1774 595 1828 sit
604 1774 656 1829 tibi
666 1775 747 1846 copia
757 1773 874 1830 noenia

175 1847 279 1902 Retulit
289 1846 338 1902 illa
349 1846 432 1913 nibil,
445 1849 500 1903 nisi
511 1847 566 1904 »sit
576 1849 629 1904 tibi
639 1851 719 1922 copia
729 1849 845 1906 nostri«.

174 1921 270 1995 Spreta
281 1920 347 1978 latet
356 1923 448 1988 silvis,
462 1923 684 1997 pudibundaque
697 1924 847 1982 frondibus
856 1941 905 1981 ora

175 1999 304 2073 protegit,
316 2006 343 2052 et
353 1998 421 2054 solis
432 2016 468 2054 ex
478 1998 528 2055 illo
538 2000 611 2056 vivit
620 2001 651 2056 in
661 2002 760 2057 antris.

118 2084 158 2127 aaa
174 2074 227 2129 Sed
238 2084 331 2130 tamen
336 2073 430 2129 haeret
435 2091 520 2140 amor,
529 2077 684 2148 crescitque
690 2076 785 2132 dolore
790 2074 931 2149 repulsae.

172 2151 331 2207 Extenuant
340 2149 441 2224 vigilas
452 2167 553 2223 corpus
573 2151 732 2208 miserabile
742 2169 837 2217 curae,

180 2227 348 2298 adducitque
358 2235 451 2282 cutem
462 2228 575 2293 macies,
588 2237 615 2284 et
624 2229 654 2285 in
664 2232 727 2286 aira
735 2246 840 2286 succus

177 2304 300 2375 corporis
315 2303 407 2359 omnis
425 2302 497 2359 abit:
519 2321 575 2360 vox
589 2312 697 2360 tantum
712 2315 796 2378 atque
810 2318 932 2361 ossasu·

714 2390 804 2438 rsunt.

176 2453 237 2509 Vox
247 2464 354 2510 manet:
366 2472 429 2511 ossa
441 2453 534 2511 ferunt
543 2454 646 2527 lapidis
656 2398 775 2513 triiisse
787 2456 917 2531 figuram.

120 2536 160 2582 tou
178 2525 253 2603 [lude
265 2531 330 2586 latet
340 2532 430 2596 silvis,
444 2533 577 2603 nulloque
591 2533 621 2588 in
631 2545 726 2588 monte
737 2531 865 2588 videtur:

176 2605 307 2660 omnibns
318 2607 440 2662 auditur.
473 2607 563 2663 Sonus
573 2617 624 2673 est,
636 2610 685 2680 qui
698 2608 770 2666 vivit
781 2611 810 2663 in
823 2603 893 2681 illa]

214 2678 351 2748 sichero,
367 2685 409 2738 sic
419 2683 488 2739 alias
499 2683 582 2738 undis
593 2694 641 2740 aut
651 2685 794 2743 montibus
803 2694 877 2747 oms
