1876 3480
123 152 155 205 96
302 118 341 203 1).Ι
352 155 483 205 ovum
500 156 670 203 Nasonis
743 157 745 161 ⁴

122 260 215 317 victus
226 267 254 315 et
262 257 388 324 ostentis,
400 275 472 332 quae
481 255 603 331 plurima
612 259 730 326 viderat,
743 262 802 319 exit

67 349 106 394 555
120 335 246 393 conditor
255 335 325 391 urbe
335 351 396 400 suc,
407 342 539 408 tanquam
550 333 659 392 fortuna
670 336 804 404 locorum,

122 430 176 469 non
188 430 238 468 sua
248 429 278 468 se
288 418 439 487 premeret3
456 409 605 485 longisque
614 413 757 469 erroribus
766 423 843 471 actus

123 489 240 563 contigit
249 486 501 564 Illyricos-profuga
515 503 580 543 cum
590 489 710 564 coniuge
720 489 800 546 fines.

121 567 236 638 lamque
256 562 345 620 malis-
357 563 494 637 annisque
514 581 614 638 graves
634 564 703 621 dum
722 567 813 639 prima
832 584 861 622 re

621 647 739 698 nactam

123 716 178 774 fata
191 716 291 772 domus
301 715 485 790 releguntque
498 732 564 771 suos
575 733 703 774 sermone
715 718 836 774 labores:

67 805 107 850 sto
121 795 209 849 »Num
223 809 301 849 sacer
313 790 363 848 ille
372 809 434 848 mea
443 792 574 848 traiectus
586 792 704 866 cuspide
713 811 854 867 serpena«

124 869 245 927 Cadmus
255 869 303 935 ait,
315 867 428 934 cinerat,
440 875 510 934 tum,
522 884 611 941 quum
619 867 723 934 Sidone
736 869 861 943 profectu

124 946 252 1019 vipereos
262 945 352 1018 sparsi
361 961 412 1018 per
421 943 548 1010 humum,
556 961 627 1000 nova
637 946 859 1012 semina‚dentes

123 1021 212 1089 Quem
223 1021 248 1076 si
258 1037 324 1076 cura
333 1020 416 1077 deum
429 1029 485 1077 tam
495 1029 568 1076 certe
578 1020 703 1078 vindicat
712 1023 764 1088 ira,

124 1099 186 1169 ipse
196 1113 294 1170 precor
304 1114 418 1170 serpens
429 1098 458 1152 in
469 1095 581 1172 longam
590 1098 718 1173 porrigar
727 1097 849 1155 alvum«

67 1185 107 1229 575
121 1175 206 1238 Dixit,
219 1180 246 1228 et
258 1180 290 1228 ut
298 1188 413 1246 serpens
423 1175 454 1228 in
464 1172 575 1262 longam
586 1173 711 1230 tenditur
723 1173 829 1240 alvum,

124 1249 295 1322 durataeque
305 1249 363 1304 cuti
372 1266 503 1323 squamas
512 1265 668 1306 increscere
678 1251 773 1317 sentit,

123 1326 261 1400 nigraque
270 1322 408 1382 caeruleis
420 1325 523 1382 variari
533 1341 648 1398 corpora
658 1326 763 1402 guttis:

124 1403 154 1458 in
164 1409 319 1474 pectusque
328 1400 403 1459 eadit
411 1417 526 1474 pronus,
532 1401 739 1476 commixtaque
749 1402 780 1459 in
790 1420 861 1459 unur

123 1478 257 1551 paulatim
266 1478 346 1534 tereti
356 1485 505 1534 tenuantur
513 1478 642 1535 acumine
653 1496 744 1535 crura.

68 1565 108 1609 sto
122 1553 237 1610 Brachia
248 1554 304 1610 iam
314 1561 431 1610 restam:
444 1571 517 1627 quas
526 1561 639 1620 restam,
652 1553 766 1611 brachia
778 1555 861 1611 tendit

123 1639 151 1686 et
161 1629 284 1686 lacrimis
294 1646 345 1703 per
354 1628 446 1686 adhuc
456 1629 577 1686 humana
587 1627 740 1687 fluentibus
752 1648 815 1688 orn:

125 1704 257 1771 »Accede
269 1722 285 1761 o
299 1706 412 1772 coniux,
424 1706 535 1772 accede,
550 1707 716 1771 miserrima,
732 1706 821 1778 dixit;

125 1781 250 1855 dumque
260 1779 369 1855 aliquid
379 1791 508 1856 superest
520 1781 555 1839 de
565 1800 624 1850 me,
647 1800 692 1839 me
705 1791 803 1859 tange,
820 1802 861 1840 ma

624 1876 692 1914 num
733 1877 749 1916 e

124 1933 235 2006 accipe,
251 1932 320 1989 dum
333 1951 433 1991 manus
448 1942 504 2001 est,
521 1934 589 1991 dum
599 1952 654 1992 non
665 1875 753 2024 tollium
763 1953 861 2009 occupa

108 2065 111 2070 .
625 2029 659 2068 an
701 2030 752 2066 isa

70 2096 109 2140 585
122 2085 173 2142 llle
183 2085 298 2159 quidem
308 2084 370 2141 vult
379 2084 461 2158 plura
470 2086 559 2160 loqui,
575 2087 626 2144 sed
639 2029 736 2162 ligna
749 2098 861 2162 repente

125 2162 155 2217 in
164 2169 256 2234 partes
267 2168 309 2218 est
319 2160 383 2217 lissa
396 2161 475 2228 duas,
491 2180 543 2218 nec
552 2164 637 2220 verba
651 2162 777 2238 loquenti

127 2236 281 2304 sufiiciunt,
297 2236 861 2314 quotiesquealiquosparntederequestui

127 2312 236 2369 sibilat:
253 2313 325 2370 hanc
335 2313 379 2369 illi
388 2330 486 2370 vocem
497 2322 592 2371 nutura
603 2315 728 2390 reliquit.

128 2389 208 2445 Nuda
218 2407 303 2446 manu
314 2389 416 2446 feriens
427 2389 563 2447 exclamat
575 2400 686 2464 pectora
695 2393 814 2449 coniux:

73 2475 112 2519 sto
127 2460 254 2531 »Cadme
269 2483 359 2532 mane,
371 2474 464 2539 teque,
475 2466 585 2533 infelix,
597 2467 643 2523 his
652 2485 724 2524 exue
735 2470 861 2526 monstris

129 2539 245 2606 Cadme,
263 2540 414 2614 quidhoc?
428 2542 478 2598 ubi
489 2541 557 2616 pes?
570 2544 621 2599 ubi
636 2553 702 2600 sunt
714 2545 861 2619 humeriqu

625 2637 783 2694 manusque

130 2699 157 2746 et
167 2690 241 2748 color
251 2699 279 2748 et
288 2691 372 2749 facies
383 2703 411 2750 et
420 2694 488 2750 dum
498 2693 605 2769 loquor,
617 2696 730 2753 omnia?
744 2715 795 2755 our
805 2714 861 2755 non
