1876 3480
182 130 216 184 fil
371 133 404 183 P.
424 131 554 180 0v1n11
572 131 744 181 NASONIS

187 253 242 294 non
252 234 317 293 tulit
326 234 471 300 aetherios,
482 233 619 307 donisque
629 232 771 308 iugalibus
781 236 860 293 arsit.

133 326 172 369 atu
187 311 369 384 Imperfectus
379 310 471 369 adhuc
481 310 573 366 inians
583 310 732 385 genetricis
743 311 778 366 ab
788 310 852 367 alvo

184 389 310 461 eripitur,
323 388 467 460 patrioque
478 395 554 443 tener
566 384 601 459 (si
612 386 723 442 eredere
734 387 853 461 dignum
864 387 916 462 est)

185 465 308 520 insuitur
318 463 425 528 femori,
438 470 615 535 maternaque
625 470 748 535 tempora
758 462 889 537 complet.

184 541 292 596 Furtim
303 538 382 594 illum
393 539 492 610 primis
503 539 551 594 Ino
561 547 704 594 matertera
716 539 797 594 cunis

187 616 299 672 educat:
312 614 377 671 inde
387 613 482 670 datum
492 614 631 689 nymphae
641 614 778 688 Nyseides
788 615 876 671 antris

130 703 169 748 315
186 690 333 749 occuluere
344 691 414 755 suis,
427 689 563 763 lactisque
573 689 704 746 alimenta
714 689 825 745 dedere.

221 768 349 839 Dumque
360 783 391 823 ee
402 783 451 838 per
461 774 547 822 terres
561 765 637 822 fatali
648 765 709 840 lege
719 774 866 841 geruntur,

187 852 301 916 tutaque
312 843 356 898 bis
369 842 457 918 geniti
468 850 534 898 sunt
547 840 716 897 incunabula
727 841 844 898 Bacchi:

186 918 255 975 iorte
266 921 358 975 lovem
365 926 527 983 memorant,
534 916 667 973 diffusum
674 925 794 982 nectare,
801 935 884 975 curas

187 996 348 1068 seposuisse
357 1012 467 1069 graves,
479 1010 622 1067 vacuaque
633 994 752 1068 agitasse
763 994 897 1052 remissor

130 1081 170 1126 820
186 1088 251 1126 cum
261 1072 364 1126 lunone
375 1072 459 1135 iocos,
472 1078 499 1126 et
509 1070 609 1126 »Maior
618 1078 710 1126 vestra
723 1069 848 1142 proiecto
858 1078 910 1138 est,

186 1164 270 1219 quam
281 1163 353 1218 quae
363 1147 500 1220 contingit
509 1145 645 1209 maribus,
656 1145 773 1210 dixisse,
785 1145 937 1220 voluptasn

187 1221 237 1278 Illa
248 1229 341 1296 negat.
372 1221 489 1287 Placuit,
501 1238 573 1293 quae
584 1222 622 1277 sit
633 1222 769 1279 sententia
779 1221 857 1280 docti

188 1314 320 1372 quaerere
332 1298 465 1355 Tiresiae.
485 1296 580 1354 Venus
591 1297 658 1353 huic
668 1306 726 1354 erat
736 1306 855 1372 utraque
865 1307 929 1357 nota

187 1375 257 1430 Nam
267 1374 323 1430 duo
333 1390 497 1449 magnorum
507 1373 592 1430 viridi
603 1373 728 1430 coeuntia
740 1372 813 1430 silva

131 1461 172 1505 ³25
187 1467 301 1523 corpora
312 1458 472 1523 serpentum
483 1448 576 1505 baculi
587 1448 739 1505 violaverat
748 1449 820 1507 ictu:

187 1526 278 1599 deque
288 1528 349 1584 viro
360 1526 458 1591 laetus,
471 1524 609 1590 mirabile,
621 1524 734 1589 femina,
747 1533 855 1597 septem

186 1612 280 1676 egerat
292 1611 450 1658 autumnos.
480 1601 583 1658 Octavo
593 1618 691 1658 rursus
700 1599 813 1656 eosdem

188 1678 269 1742 vidit,
281 1686 309 1732 et
318 1678 381 1734 »Est
391 1686 496 1734 vestrae
507 1678 531 1734 si
543 1686 616 1733 tenta
626 1677 746 1750 potentia
758 1675 869 1752 plagae,

189 1751 271 1818 dixit,
283 1762 315 1810 ut
324 1754 443 1811 auctoris
454 1762 556 1809 sortem
570 1754 599 1809 in
611 1752 747 1809 contraria
757 1761 857 1840 mutet,

188 1980 275 2036 forma
286 1980 362 2052 prior
372 1980 462 2044 rediit,
475 1980 653 2055 genitivaque
663 1981 742 2036 venit
752 1980 856 2055 imago.

187 2055 299 2112 Arbiter
308 2055 355 2110 hic
367 2055 453 2129 igitur
462 2065 571 2112 sumtus
582 2054 616 2110 de
628 2054 675 2111 lite
686 2055 788 2120 iocose,

190 2132 263 2187 dicte
274 2131 348 2187 lovis
359 2130 458 2186 firmet.
489 2131 610 2188 Gravius
620 2130 747 2186 Saturnia
760 2132 846 2197 iusto,

191 2224 242 2264 neo
252 2224 302 2282 pro
312 2207 424 2263 materia
438 2206 524 2262 fertur
534 2206 667 2271 doluisse,
680 2207 782 2279 suique

134 2295 174 2339 385
189 2284 292 2341 iudicis
303 2292 411 2339 aeterna
421 2281 562 2338 damnavit
574 2281 679 2338 lumina
690 2290 781 2338 nocte.

190 2359 226 2416 At
236 2368 313 2433 pater
322 2360 495 2432 omnipotens
511 2357 701 2432 (nequeenim
716 2358 782 2416 licet
794 2357 872 2416 irrite
881 2357 937 2417 eui·

727 2450 771 2490 em

194 2510 263 2566 lecta
273 2510 319 2565 dei
330 2510 429 2565 iecisse
439 2508 500 2582 deo)
511 2525 560 2581 pro
571 2507 677 2566 lumine
685 2451 795 2566 §demto

192 2587 263 2643 scire
273 2585 364 2641 futura
376 2585 461 2651 dedit,
474 2602 646 2658 poenamque
658 2585 761 2642 levavit
772 2585 886 2643 honore.

228 2660 280 2718 llle
287 2678 339 2734 per
348 2661 450 2719 Aonias
461 2660 533 2719 fama
544 2659 742 2719 celeberrimus
752 2665 837 2723 urbes
903 2677 907 2685 “

296 2912 318 2966 'x
