1876 3480
588 76 591 81 .
690 40 749 75 ···.
864 40 916 87 ’ῃ

69 132 73 141 ·
123 129 175 187 ant
305 82 695 191 conmonuemus.
801 108 804 113 ’

122 236 188 294 Acis
207 242 275 293 erat.
306 233 362 292 Sed
379 234 554 329 sio'quoque
572 243 632 319 arat
649 224 870 323 mmmloiqffi
891 244 894 251 ·
914 238 916 279 ;

109 354 232 446 'remus
262 388 298 444 Et
311 376 459 460 entiquuni
468 328 872 447 nemimem

160 460 656 537 Desiernttiniatoaioqui,ooetuqus
664 462 758 537 soluto

122 538 280 604 discedunt,
291 536 468 611 placidisque
476 538 715 597 nsuntNereides
723 539 819 597 undis.

66 627 107 674 tou
121 615 213 691 Scylla
222 613 307 671 radit:
323 630 415 686 neque
424 612 501 671 enim
508 611 643 671 medioso
653 614 769 673 credero
777 623 857 690 ponto

124 691 217 749 audet.
245 690 281 746 Et
290 698 337 746 aut
349 688 448 747 bibulo
456 690 519 747 sine
531 688 657 747 vestibus
666 688 839 759 ormterena,

124 775 181 834 aut,
195 765 355 823 ubilassata
367 762 791 831 namnetensem
863 774 868 785 '

144 842 254 919 argitis,
266 839 375 898 inclusa
384 858 435 897 sua
444 838 570 905 membro
579 838 728 917 refrigeret
736 842 822 900 unda.
893 846 903 869 '·

206 917 308 975 fretum
317 915 449 973 scindens
461 914 512 975 alti
521 928 612 974 novus
620 916 713 979 inscie
722 912 814 993 ponti,

67 1007 108 1053 soe
123 990 484 1082 nuperinEuboioa'vorsis
493 990 815 1087 dntbedonememb'ris,
862 1000 866 1007 '

20 1114 54 1127 ··
124 1067 873 1277 t¹qtitsstttttssbtttttt⁰tttftb5“·

126 1238 176 1277 ver
195 1219 316 1276 aretert.
347 1218 433 1295 Fugit
445 1219 611 1286 illatamem
634 1218 775 1295 veloxque
783 1222 876 1279 timore

125 1294 252 1370 pervenit
260 1295 291 1351 in
301 1312 442 1379 summum
453 1294 537 1369 positi
547 1310 635 1369 prope
645 1292 740 1353 littora
749 1298 859 1355 montis.

17 1402 21 1407 ·
69 1386 109 1430 eto
124 1372 196 1429 Ante
206 1370 308 1427 fretum
318 1379 361 1427 ost
371 1371 481 1446 ingens,
492 1369 744 1447 apicemoollsctue
754 1374 877 1431 inunum

125 1449 207 1524 longa
217 1448 279 1504 sine
287 1446 435 1505 arboribus
444 1463 587 1505 convexus
596 1446 633 1504 ad
642 1463 764 1523 aequora
774 1458 876 1507 vortex.

127 1524 256 1583 Constitit
264 1523 326 1579 hio:
343 1530 438 1589 ottuta
448 1521 519 1588 loeo,
530 1530 733 1591 monstrumne,
748 1524 853 1583 deusne
891 1532 896 1541 '

126 1598 174 1656 ille
187 1600 233 1664 sit,
244 1600 385 1674 ignorans,
397 1597 605 1672 admiraturque
615 1597 737 1656 colorem

127 1676 333 1749 caesariemque
346 1675 477 1732 humeros
496 1673 680 1749 subiectaque
693 1683 772 1752 terga
787 1686 878 1752 tegen-

626 1758 692 1818 tem,

71 1839 109 1882 915
126 1826 280 1899 ultimaque
290 1825 412 1898 excipiat
422 1824 497 1899 quod
507 1823 607 1883 tortilis
617 1825 735 1902 inguina
747 1829 843 1900 piscis.

128 1903 229 1967 Sensit,
242 1910 270 1957 et
280 1902 412 1966 innitens,
424 1918 496 1974 quae
507 1900 597 1958 stabat
626 1903 744 1968 roxima,
757 1902 834 1969 moli,

128 1981 201 2033 »Non
212 1994 263 2053 ego
274 1975 448 2053 prodigium,
465 1994 516 2033 neo
526 1995 590 2034 eum
600 1919 658 2035 dero
668 1977 780 2044 bellua,
793 1980 877 2054 virgo,

129 2054 178 2109 sed
192 2053 275 2119 deus,
293 2054 399 2126 inquit,
416 2069 517 2126 aquae;
540 2070 591 2110 nec
609 2054 701 2110 maine
720 2055 752 2111 in
766 2070 879 2128 aequore

571 2130 686 2186 Proteus

128 2205 172 2260 ius
188 2204 271 2261 habet
284 2213 313 2260 et
326 2205 421 2260 Triton
430 2203 713 2278 Athamantiadesque
725 2205 878 2263 Palaemon.

72 2291 112 2334 ono
127 2281 197 2336 Anto
208 2289 299 2336 tamen
310 2278 433 2336 mortalis
443 2297 531 2350 ersm;
548 2280 599 2337 ssd
607 2280 717 2338 scilicet
725 2280 792 2338 altis

130 2355 240 2412 deditus
249 2355 429 2428 aequoribus,
444 2356 498 2411 iam
510 2364 569 2412 tum
579 2357 730 2414 exercebar
740 2358 772 2414 in
782 2357 848 2414 illis.
871 2364 876 2371 “

128 2433 197 2486 Nam
208 2431 289 2488 modo
299 2431 435 2488 ducebam
445 2429 575 2489 ducentia
584 2432 651 2488 retia
661 2434 767 2505 pisces,

129 2523 204 2561 nunc
215 2508 244 2563 in
255 2507 327 2564 mole
343 2507 443 2564 sedens
457 2506 620 2564 moderabar
633 2508 773 2566 arundine
784 2508 879 2566 linum.

129 2580 199 2637 Sunt
208 2582 294 2638 viridi
304 2593 383 2657 prato
392 2583 510 2641 confinia
521 2583 621 2650 littore,
634 2600 756 2657 quorum

74 2666 113 2712 925
127 2657 210 2714 altera
220 2675 287 2734 pars
297 2659 391 2728 undis,
405 2677 467 2736 pars
480 2658 565 2716 altera
574 2658 699 2735 cingitur
707 2659 819 2718 herbis:
