1876 3480
184 162 231 217 l32
373 168 399 212 P.
421 168 549 213 ovron
567 168 736 214 Nasonis

181 270 236 324 »En
247 286 298 344 ego
309 277 398 324 vestra
409 287 517 342 parens,
532 270 609 326 vobis
623 270 747 327 animosa
757 270 861 335 creatis,

181 355 216 410 et,
230 346 285 401 nisi
299 347 406 409 lunoni,
420 345 491 400 nulli
502 363 612 402 cessura
623 345 747 411 dearum,

179 440 213 477 an
224 421 274 477 deo
285 423 348 479 sim.
365 421 489 490 dubitor3
507 438 612 494 perque
622 423 716 478 omnia
726 419 912 478 saeculacultis

178 515 280 562 arceor,
292 516 308 553 o
320 499 386 560 nati,
398 498 454 553 nisi
467 515 517 553 vos
526 498 700 561 succurritis,
713 498 780 554 aris.

124 585 163 628 210
179 576 236 629 Neo
246 574 323 630 dolor
333 574 379 629 hic
389 573 480 628 solus:
493 573 554 629 diro
564 574 690 629 convicia
706 572 778 630 facto

180 649 301 706 Tantalis
311 650 420 714 adiecit,
434 667 539 721 vosque
550 659 591 705 est
602 658 768 722 postponere
778 650 848 706 natis

178 744 245 782 ausa
255 727 324 791 suis,
336 735 363 781 et
373 743 426 791 me,
440 726 514 798 quod
525 727 554 781 in
565 727 656 799 ipsam
665 726 782 791 recidat,
794 726 881 782 orbam
929 777 930 780 ,

179 803 259 867 dixit,
272 812 299 857 et
309 802 437 858 exhibuit
447 801 571 877 linguam
581 801 885 875 sceleratapaternama

177 879 324 934 Adiectura
336 895 430 950 preces
442 886 499 934 erat
509 878 553 933 his
564 877 665 934 Latona
676 877 788 933 relatis:
908 928 916 953 ,

125 965 164 1008 215
178 956 300 1019 »Desine
313 954 441 1010 Phoebus
451 955 499 1010 ait.
520 955 627 1010 Poenae
637 971 713 1010 mora
725 953 809 1030 longa
819 950 911 1028 querela

676 1038 745 1085 estu
812 1040 815 1045 '

178 1106 254 1160 Dixit
267 1105 341 1160 idem
350 1106 471 1162 Phoebe.
501 1105 646 1178 Celerique
656 1122 708 1178 per
716 1109 778 1163 ae'ra
791 1106 870 1179 lapsu

180 1182 351 1258 contigerant
364 1183 427 1238 tecti
438 1182 585 1239 Cadmeida
596 1182 721 1238 nubibus
734 1198 836 1238 arcem.
925 1220 928 1231 ·

179 1258 282 1313 Planus
293 1267 350 1314 erat
360 1259 468 1332 lateque
479 1268 575 1331 patens
586 1275 672 1332 pmpe
683 1260 794 1314 moenia
806 1272 908 1329 campet.
920 1262 930 1285 '²

181 1335 301 1391 assiduis
312 1334 438 1408 pulsatus
449 1337 540 1408 equis,
555 1334 605 1390 ubi
616 1334 696 1390 turha
708 1343 831 1390 rotarum

125 1422 164 1466 220
175 1412 299 1485 duraque
313 1411 448 1467 mollierat
457 1411 597 1467 subiectas
607 1409 713 1484 ungula
723 1410 832 1485 glebas.

178 1489 243 1543 Pars
258 1489 296 1543 ibi
308 1488 342 1543 de
353 1498 458 1561 septem
471 1488 575 1563 genitis
584 1487 743 1560 Amphione
753 1486 838 1542 fortes

181 1563 369 1619 conscendunt
379 1566 408 1620 in
422 1581 524 1636 equos,
540 1564 679 1639 Tyrioque
689 1562 819 1619 rubentia
829 1575 899 1617 succo
923 1580 935 1612 ·,

179 1650 254 1713 terga
264 1650 402 1712 premunt,
414 1657 536 1713 auroque
546 1657 646 1715 graves
657 1639 836 1695 moderantur
844 1635 910 1693 habe

673 1731 735 1769 nas.

179 1792 313 1864 Equihus
323 1793 455 1856 Ismenos,
469 1792 518 1864 qui
531 1793 612 1847 matri
622 1791 729 1846 sarcina
741 1790 874 1864 quondam

124 1879 163 1922 225
179 1869 265 1940 prima
277 1885 343 1923 suae
353 1866 454 1933 iuerat,
469 1867 537 1922 dum
547 1876 652 1923 certum
664 1865 749 1923 flectit
760 1869 791 1924 in
800 1867 885 1923 orbem

181 1944 369 2017 quadrupedis
382 1962 504 2009 cursum,
516 1944 730 2017 spumantiaque
740 1960 790 2000 ora
803 1946 902 1999 coercet.

182 2023 244 2076 allai
256 2022 359 2077 mihil«
375 2020 540 2085 conclamat,
556 2020 704 2093 medioque
716 2022 745 2075 in
756 2015 911 2093 peotorelr'n

181 2099 234 2153 tela
245 2099 329 2173 gerit,
346 2096 488 2170 frenisque
501 2114 585 2152 manu
595 2096 730 2152 moriente
741 2096 864 2152 remissis

181 2179 210 2230 in
222 2177 293 2231 latus
304 2194 318 2231 a
331 2174 426 2230 dextro
437 2173 570 2247 paulatim
581 2171 678 2228 defluit
687 2189 777 2228 armo.

125 2265 164 2306 rao
179 2254 334 2316 Proximus,
351 2251 444 2306 audito
455 2251 546 2305 sonitu
557 2266 606 2322 per
617 2249 698 2303 inane
709 2248 861 2321 pharetrae,

181 2329 255 2384 frena
270 2327 352 2384 dabat
365 2327 493 2401 Sipylus:
512 2324 598 2382 veluti
614 2341 702 2455 quupp
721 2323 914 2397 praesciusim·

697 2419 737 2456 rrs

181 2481 254 2535 nube
264 2480 336 2554 sugit
347 2480 416 2543 visa,
429 2477 634 2551 pendentiaque
646 2476 774 2551 undique
789 2483 873 2531 rector

182 2557 292 2612 carbasa
303 2556 424 2618 deducit,
438 2572 471 2610 ne
485 2572 540 2628 qua
554 2552 624 2609 levis
635 2552 730 2608 effluat
741 2571 819 2609 aura.

182 2633 268 2687 Frena
278 2633 368 2687 dabat.
398 2634 512 2686 Dantem
525 2647 579 2685 non
591 2628 722 2685 evitabile
733 2628 822 2685 telum

116 2719 161 2762 235
174 2708 366 2783 consequitur.
397 2707 567 2780 Summaque
576 2715 695 2762 tremens
709 2707 821 2761 cervice
833 2701 917 2776 sagitt
