1876 3480
171 158 223 213 226
360 160 387 206 1³.
407 159 537 208 oviun
555 156 725 205 ein-souis

172 263 288 338 (invitus
300 262 414 319 maudo:
427 262 524 334 pietas,
538 259 677 336 ignosoel)
690 267 828 316 nocetum

171 342 295 406 Dixerat3
313 349 341 394 st
354 338 475 394 lacrimis
486 337 594 394 vultum
605 337 697 393 lavere
707 334 831 410 profusis
934 329 938 396 ¹:

118 427 156 472 666
172 427 227 471 tam
238 417 287 488 qui
299 413 454 478 mandabat,
467 431 550 487 quam
561 414 608 468 oui
618 412 746 469 mandata
757 411 892 467 dabantur.
935 406 938 524 ἱ

172 492 226 547 Sed
235 501 324 546 tamen
336 507 425 563 usque
439 508 522 546 suum
539 491 619 545 vanis
630 488 780 545 Telethusa
793 485 906 543 maritum
936 541 938 550 Α

173 568 302 623 sollicitat
312 566 452 639 precibus,
466 583 499 621 ue
508 584 587 639 spem
600 565 657 623 sibi
671 572 756 638 ponat
765 564 796 620 iu
805 570 882 619 moto.

173 644 250 700 Certa
259 661 308 698 sua
319 652 361 698 666
369 642 458 717 Ligdo
468 643 613 699 sententia.
644 636 878 715 lamquslereudo

173 721 222 775 vix
232 728 289 775 6666
298 718 346 773 illa
356 736 470 792 gravem
481 727 587 774 matum
596 717 720 790 pondera
732 725 863 781 ventrem¹

117 806 156 852 666
171 813 259 868 quum
269 795 361 850 madio
370 796 458 850 noctis
468 795 557 867 spatio
567 793 621 850 sub
635 793 760 869 imagine
768 792 858 849 somni

172 871 280 927 lnaohis
292 879 354 926 ante
365 880 464 936 torum,
476 888 577 943 pompa
586 871 714 927 oomitata
724 884 873 930 6666666666,

171 957 219 1004 aut
227 948 311 1012 stetit,
323 956 370 1003 aut
379 947 439 1003 visa
450 955 502 1003 666.
528 949 638 1003 Inerant
648 944 757 1002 lunaria
767 945 851 1002 fronti
921 958 924 963 '

173 1041 274 1079 666666
285 1041 349 1078 oum
359 1023 446 1095 spicis
458 1023 546 1079 nitido
554 1021 722 1079 flaventibus
733 1038 812 1087 auro,

172 1109 198 1155 66
209 1099 300 1173 regale
310 1099 409 1168 decus3
427 1115 492 1154 oum
502 1116 556 1172 qua
567 1097 678 1155 latrator
686 1098 810 1163 Anubis,

118 1185 157 1229 666
170 1184 319 1247 sanctaque
330 1174 468 1240 Bubastis,
480 1176 631 1247 variusque
643 1173 787 1230 oolorihus
797 1172 872 1246 Apio,
919 1170 924 1191 ¹

174 1251 278 1324 quique
291 1252 392 1323 premit
402 1268 499 1306 vocem
510 1251 654 1326 digitoque
665 1248 778 1306 silentia
789 1246 889 1311 suadet.
928 1283 930 1296 ι

173 1329 310 1398 sistraque
319 1335 405 1393 erant,
418 1343 618 1401 nunquamque
628 1326 697 1415 satis
707 1327 853 1400 quaesitus
861 1318 921 1379 (hl--

602 1466 604 1471 ¹
669 1420 719 1467 666,

174 1478 311 1551 plenaque
320 1477 479 1534 somniferis
492 1495 605 1551 serpeus
617 1479 765 1552 peregrina
778 1476 893 1533 venenis.

175 1554 477 1610 Tumvelutexoussam
483 1571 579 1610 somno
588 1563 616 1610 66
625 1552 773 1610 manifesta
787 1552 911 1609 videam
924 1556 927 1565 “

120 1639 158 1683 666
174 1631 215 1685 sic
226 1630 303 1685 allata
315 1630 365 1685 dea
376 1641 431 1685 est:
449 1630 528 1685 »Pars
538 1647 554 1685 o
565 1629 713 1686 Telethusa
725 1646 860 1692 mearum,

174 1722 245 1777 pone
256 1724 354 1779 graves
365 1724 455 1772 curas,
468 1706 650 1781 mandataque
662 1705 728 1761 lalle
742 1705 850 1761 mariti:

175 1798 226 1835 666
240 1781 345 1847 dubita,
358 1799 445 1853 quum
457 1792 483 1837 66
493 1790 572 1855 partu
584 1783 688 1837 Lucina
703 1779 815 1847 levarit,

175 1856 271 1912 tollere
281 1857 420 1930 quidquid
429 1859 490 1914 erit.
524 1859 652 1914 Deasum
663 1857 911 1929 auxiliansque

671 1950 727 2005 que

175 2018 284 2064 exorata
296 2007 362 2073 lero,
375 2026 426 2064 666
436 2017 462 2064 66
473 2009 593 2065 coluisse
603 2010 730 2082 quereris

120 2095 160 2136 666
174 2085 312 2157 ingratum
324 2102 451 2140 numen«
480 2086 596 2151 Monuit,
613 2084 794 2158 thalamoque
805 2080 913 2141 romuli·

175 2161 254 2214 Laeta
269 2170 326 2215 toro
337 2162 435 2234 surgit,
449 2179 589 2234 purasque
600 2160 634 2216 ad
645 2160 738 2217 sidera
749 2161 871 2234 supplex

177 2235 272 2291 Cressa
283 2254 380 2291 manus
391 2236 499 2301 tollens,
511 2247 568 2292 6666
577 2237 634 2292 siut
643 2254 693 2292 sua
705 2238 767 2293 visa
779 2244 905 2310 precatur·

176 2311 211 2366 Ut
221 2311 298 2366 dolor
308 2312 435 2376 increvit,
447 2330 533 2386 seque
543 2314 636 2385 ipsum
647 2314 759 2386 pondus
773 2315 888 2369 inauras

176 2388 293 2459 expulit,
307 2398 333 2443 66
344 2398 404 2443 6666
415 2397 456 2443 666
466 2390 562 2462 ignaro
573 2387 675 2444 lamina
686 2389 772 2460 patri,

122 2473 160 2513 :05
176 2465 258 2518 iussit
268 2463 304 2518 ali
316 2474 411 2528 666666,
424 2482 541 2536 puerum
553 2466 680 2533 mentita3
699 2465 843 2537 iidemque

176 2555 219 2592 666
231 2539 337 2604 hahuit,
350 2557 440 2611 neque
451 2550 507 2595 6666
518 2539 581 2594 lacti
597 2543 652 2595 nisi
663 2541 776 2595 muscia
788 2540 887 2595 nutrix.

176 2613 242 2669 Vota
253 2625 329 2685 pater
339 2615 431 2680 solvit,
444 2633 598 2687 nomenque
609 2617 730 2688 imponit
742 2616 861 2671 avitum.

174 2689 252 2763 lphis
263 2709 334 2748 avus
346 2690 446 2748 luerat.
475 2691 579 2748 Gavisa
587 2701 631 2747 est
638 2692 752 2747 numine
763 2702 860 2756 mater,
