<?xml version="1.0" encoding="UTF-8"?>
<!DOCTYPE html PUBLIC "-//W3C//DTD XHTML 1.0 Transitional//EN"
    "http://www.w3.org/TR/xhtml1/DTD/xhtml1-transitional.dtd">
<html xmlns="http://www.w3.org/1999/xhtml" xml:lang="en" lang="en">
 <head>
  <title>
</title>
<meta http-equiv="Content-Type" content="text/html;charset=utf-8" />
  <meta name='ocr-system' content='tesseract 3.04.00' />
  <meta name='ocr-capabilities' content='ocr_page ocr_carea ocr_par ocr_line ocrx_word'/>
</head>
<body>
  <div class='ocr_page' id='page_1' title='image "./operaomnia02ovidgoog/operaomnia02ovidgoog_0175.png"; bbox 0 0 1876 3480; ppageno 0'>
   <div class='ocr_carea' id='block_1_1' title="bbox 158 130 715 192">
    <p class='ocr_par' dir='ltr' id='par_1_1' title="bbox 158 130 715 192">
     <span class='ocr_line' id='line_1_1' title="bbox 158 130 715 192; baseline -0.007 -1"><span class='ocrx_word' id='word_1_1' title='bbox 158 139 205 192; x_wconf 77' lang='lat' dir='ltr'>too</span> <span class='ocrx_word' id='word_1_2' title='bbox 348 130 715 191; x_wconf 61' lang='lat' dir='ltr'>nomenniomen</span> 
     </span>
    </p>
   </div>
   <div class='ocr_carea' id='block_1_2' title="bbox 98 242 928 2744">
    <p class='ocr_par' dir='ltr' id='par_1_2' title="bbox 155 242 885 392">
     <span class='ocr_line' id='line_1_2' title="bbox 156 242 885 320; baseline -0.001 -18"><span class='ocrx_word' id='word_1_3' title='bbox 156 246 253 320; x_wconf 85' lang='lat' dir='ltr'>pestis,</span> <span class='ocrx_word' id='word_1_4' title='bbox 264 253 291 299; x_wconf 86' lang='lat' dir='ltr'>et</span> <span class='ocrx_word' id='word_1_5' title='bbox 300 245 330 301; x_wconf 89' lang='lat' dir='ltr'>iu</span> <span class='ocrx_word' id='word_1_6' title='bbox 340 261 458 318; x_wconf 83' lang='lat' dir='ltr'>magnae</span> <span class='ocrx_word' id='word_1_7' title='bbox 467 243 626 300; x_wconf 78' lang='lat' dir='ltr'><strong>dominatur</strong></span> <span class='ocrx_word' id='word_1_8' title='bbox 635 243 787 301; x_wconf 83' lang='lat' dir='ltr'>moenibus</span> <span class='ocrx_word' id='word_1_9' title='bbox 796 242 885 303; x_wconf 86' lang='lat' dir='ltr'>urbis.</span> 
     </span>
     <span class='ocr_line' id='line_1_3' title="bbox 155 317 859 392; baseline -0.001 -14"><span class='ocrx_word' id='word_1_10' title='bbox 155 324 267 378; x_wconf 81' lang='lat' dir='ltr'><strong>Viscera</strong></span> <span class='ocrx_word' id='word_1_11' title='bbox 278 327 416 376; x_wconf 74' lang='lat' dir='ltr'>torrentur</span> <span class='ocrx_word' id='word_1_12' title='bbox 425 322 516 392; x_wconf 89' lang='lat' dir='ltr'>primo</span> <span class='ocrx_word' id='word_1_13' title='bbox 528 317 859 392; x_wconf 78' lang='lat' dir='ltr'>flammisque&#39;iatiscunt.</span> 
     </span>
    </p>

    <p class='ocr_par' dir='ltr' id='par_1_3' title="bbox 98 394 870 771">
     <span class='ocr_line' id='line_1_4' title="bbox 98 394 822 471; baseline -0.004 -17"><span class='ocrx_word' id='word_1_14' title='bbox 98 412 137 454; x_wconf 91' lang='grc'>555</span> <span class='ocrx_word' id='word_1_15' title='bbox 154 398 292 454; x_wconf 87' lang='lat' dir='ltr'><strong>Indicium</strong></span> <span class='ocrx_word' id='word_1_16' title='bbox 302 396 387 451; x_wconf 87' lang='lat' dir='ltr'>rubor</span> <span class='ocrx_word' id='word_1_17' title='bbox 396 404 439 450; x_wconf 87' lang='lat' dir='ltr'>est</span> <span class='ocrx_word' id='word_1_18' title='bbox 448 404 476 452; x_wconf 90' lang='lat' dir='ltr'>et</span> <span class='ocrx_word' id='word_1_19' title='bbox 485 395 585 451; x_wconf 90' lang='lat' dir='ltr'>ductus</span> <span class='ocrx_word' id='word_1_20' title='bbox 595 394 739 451; x_wconf 77' lang='lat' dir='ltr'><strong>anhelitus</strong></span> <span class='ocrx_word' id='word_1_21' title='bbox 749 396 822 471; x_wconf 82' lang='lat' dir='ltr'>igni.</span> 
     </span>
     <span class='ocr_line' id='line_1_5' title="bbox 156 471 870 547; baseline -0.003 -17"><span class='ocrx_word' id='word_1_22' title='bbox 156 475 260 547; x_wconf 78' lang='lat' dir='ltr'>Aspera</span> <span class='ocrx_word' id='word_1_23' title='bbox 275 472 370 546; x_wconf 82' lang='lat' dir='ltr'>lingue</span> <span class='ocrx_word' id='word_1_24' title='bbox 381 479 477 536; x_wconf 80' lang='lat' dir='ltr'>tumet¹</span> <span class='ocrx_word' id='word_1_25' title='bbox 490 471 649 544; x_wconf 82' lang='lat' dir='ltr'>tepidisque</span> <span class='ocrx_word' id='word_1_26' title='bbox 659 472 768 527; x_wconf 82' lang='lat' dir='ltr'>arentia</span> <span class='ocrx_word' id='word_1_27' title='bbox 778 473 870 528; x_wconf 88' lang='lat' dir='ltr'>ventis</span> 
     </span>
     <span class='ocr_line' id='line_1_6' title="bbox 156 546 842 622; baseline -0.003 -16"><span class='ocrx_word' id='word_1_28' title='bbox 156 569 204 607; x_wconf 90' lang='lat' dir='ltr'>ora</span> <span class='ocrx_word' id='word_1_29' title='bbox 216 557 319 622; x_wconf 84' lang='lat' dir='ltr'>patent,</span> <span class='ocrx_word' id='word_1_30' title='bbox 332 564 471 620; x_wconf 80' lang='lat' dir='ltr'>auraeque</span> <span class='ocrx_word' id='word_1_31' title='bbox 480 564 580 621; x_wconf 85' lang='lat' dir='ltr'>graves</span> <span class='ocrx_word' id='word_1_32' title='bbox 589 555 737 620; x_wconf 85' lang='lat' dir='ltr'>captantur</span> <span class='ocrx_word' id='word_1_33' title='bbox 745 546 842 604; x_wconf 87' lang='lat' dir='ltr'>hiatu..</span> 
     </span>
     <span class='ocr_line' id='line_1_7' title="bbox 153 620 842 696; baseline -0.006 -13"><span class='ocrx_word' id='word_1_34' title='bbox 153 628 214 682; x_wconf 89' lang='lat' dir='ltr'>Non</span> <span class='ocrx_word' id='word_1_35' title='bbox 225 633 350 688; x_wconf 86' lang='lat' dir='ltr'>stratum,</span> <span class='ocrx_word' id='word_1_36' title='bbox 362 639 417 678; x_wconf 90' lang='lat' dir='ltr'>non</span> <span class='ocrx_word' id='word_1_37' title='bbox 426 620 484 679; x_wconf 89' lang='lat' dir='ltr'>ulla</span> <span class='ocrx_word' id='word_1_38' title='bbox 494 624 552 695; x_wconf 86' lang='lat' dir='ltr'>pati</span> <span class='ocrx_word' id='word_1_39' title='bbox 561 623 700 679; x_wconf 83' lang='lat' dir='ltr'>velamina</span> <span class='ocrx_word' id='word_1_40' title='bbox 710 633 842 696; x_wconf 84' lang='lat' dir='ltr'>possunt,</span> 
     </span>
     <span class='ocr_line' id='line_1_8' title="bbox 156 698 820 771; baseline -0.005 -13"><span class='ocrx_word' id='word_1_41' title='bbox 156 703 224 757; x_wconf 89' lang='lat' dir='ltr'>dura</span> <span class='ocrx_word' id='word_1_42' title='bbox 235 699 285 755; x_wconf 92' lang='lat' dir='ltr'>sed</span> <span class='ocrx_word' id='word_1_43' title='bbox 294 701 324 754; x_wconf 90' lang='lat' dir='ltr'>in</span> <span class='ocrx_word' id='word_1_44' title='bbox 335 708 406 754; x_wconf 90' lang='lat' dir='ltr'>terra</span> <span class='ocrx_word' id='word_1_45' title='bbox 418 707 526 770; x_wconf 83' lang='lat' dir='ltr'>penum</span> <span class='ocrx_word' id='word_1_46' title='bbox 535 698 710 771; x_wconf 82' lang='lat' dir='ltr'>praecordia:</span> <span class='ocrx_word' id='word_1_47' title='bbox 724 716 778 755; x_wconf 89' lang='lat' dir='ltr'>nec</span> <span class='ocrx_word' id='word_1_48' title='bbox 788 699 820 755; x_wconf 82' lang='lat' dir='ltr'>iit</span> 
     </span>
    </p>

    <p class='ocr_par' dir='ltr' id='par_1_4' title="bbox 99 773 907 850">
     <span class='ocr_line' id='line_1_9' title="bbox 99 773 907 850; baseline -0.004 -17"><span class='ocrx_word' id='word_1_49' title='bbox 99 792 139 834; x_wconf 75' lang='grc'>550</span> <span class='ocrx_word' id='word_1_50' title='bbox 154 795 254 850; x_wconf 89' lang='lat' dir='ltr'>corpus</span> <span class='ocrx_word' id='word_1_51' title='bbox 269 776 354 830; x_wconf 91' lang='lat' dir='ltr'>humo</span> <span class='ocrx_word' id='word_1_52' title='bbox 365 773 500 848; x_wconf 79' lang='lat' dir='ltr'>gelidum,</span> <span class='ocrx_word' id='word_1_53' title='bbox 511 774 562 830; x_wconf 91' lang='lat' dir='ltr'>sed</span> <span class='ocrx_word' id='word_1_54' title='bbox 570 774 675 830; x_wconf 89' lang='lat' dir='ltr'>humus</span> <span class='ocrx_word' id='word_1_55' title='bbox 684 773 721 830; x_wconf 87' lang='lat' dir='ltr'>de</span> <span class='ocrx_word' id='word_1_56' title='bbox 730 791 848 848; x_wconf 88' lang='lat' dir='ltr'>corpore</span> <span class='ocrx_word' id='word_1_57' title='bbox 858 773 907 831; x_wconf 86' lang='lat' dir='ltr'>ier-</span> 
     </span>
    </p>

    <p class='ocr_par' dir='ltr' id='par_1_5' title="bbox 584 859 640 906">
     <span class='ocr_line' id='line_1_10' title="bbox 584 859 640 906; baseline -0.018 0"><span class='ocrx_word' id='word_1_58' title='bbox 584 859 640 906; x_wconf 88' lang='lat' dir='ltr'>vet.</span> 
     </span>
    </p>

    <p class='ocr_par' dir='ltr' id='par_1_6' title="bbox 156 924 907 1226">
     <span class='ocr_line' id='line_1_11' title="bbox 156 924 907 998; baseline -0.003 -14"><span class='ocrx_word' id='word_1_59' title='bbox 156 931 213 984; x_wconf 90' lang='lat' dir='ltr'>Nec</span> <span class='ocrx_word' id='word_1_60' title='bbox 223 928 378 983; x_wconf 86' lang='lat' dir='ltr'>moderator</span> <span class='ocrx_word' id='word_1_61' title='bbox 387 924 474 990; x_wconf 88' lang='lat' dir='ltr'>adest,</span> <span class='ocrx_word' id='word_1_62' title='bbox 492 927 578 998; x_wconf 89' lang='lat' dir='ltr'>inque</span> <span class='ocrx_word' id='word_1_63' title='bbox 588 926 666 998; x_wconf 89' lang='lat' dir='ltr'>ipsos</span> <span class='ocrx_word' id='word_1_64' title='bbox 675 943 761 982; x_wconf 86' lang='lat' dir='ltr'>saeva</span> <span class='ocrx_word' id='word_1_65' title='bbox 770 925 907 983; x_wconf 84' lang='lat' dir='ltr'>medentes</span> 
     </span>
     <span class='ocr_line' id='line_1_12' title="bbox 158 1000 833 1075; baseline -0.003 -15"><span class='ocrx_word' id='word_1_66' title='bbox 158 1005 278 1075; x_wconf 89' lang='lat' dir='ltr'>erumpit</span> <span class='ocrx_word' id='word_1_67' title='bbox 287 1000 390 1065; x_wconf 89' lang='lat' dir='ltr'>clades,</span> <span class='ocrx_word' id='word_1_68' title='bbox 407 1001 565 1074; x_wconf 72' lang='lat' dir='ltr'>obsuntque</span> <span class='ocrx_word' id='word_1_69' title='bbox 575 1001 737 1058; x_wconf 87' lang='lat' dir='ltr'>auctoribus</span> <span class='ocrx_word' id='word_1_70' title='bbox 747 1010 833 1058; x_wconf 84' lang='lat' dir='ltr'>artes.</span> 
     </span>
     <span class='ocr_line' id='line_1_13' title="bbox 156 1076 905 1153; baseline -0.003 -18"><span class='ocrx_word' id='word_1_71' title='bbox 156 1078 216 1146; x_wconf 84' lang='lat' dir='ltr'>Quo</span> <span class='ocrx_word' id='word_1_72' title='bbox 227 1079 339 1152; x_wconf 88' lang='lat' dir='ltr'>propior</span> <span class='ocrx_word' id='word_1_73' title='bbox 352 1076 473 1150; x_wconf 90' lang='lat' dir='ltr'>quisque</span> <span class='ocrx_word' id='word_1_74' title='bbox 488 1087 530 1133; x_wconf 82' lang='lat' dir='ltr'>est</span> <span class='ocrx_word' id='word_1_75' title='bbox 540 1079 684 1151; x_wconf 82' lang='lat' dir='ltr'>servitque</span> <span class='ocrx_word' id='word_1_76' title='bbox 694 1077 811 1135; x_wconf 84' lang='lat' dir='ltr'>fidelius</span> <span class='ocrx_word' id='word_1_77' title='bbox 820 1094 905 1153; x_wconf 78' lang='lat' dir='ltr'>aegro,</span> 
     </span>
     <span class='ocr_line' id='line_1_14' title="bbox 158 1152 791 1226; baseline -0.002 -16"><span class='ocrx_word' id='word_1_78' title='bbox 158 1158 187 1210; x_wconf 93' lang='lat' dir='ltr'>in</span> <span class='ocrx_word' id='word_1_79' title='bbox 199 1163 304 1226; x_wconf 82' lang='lat' dir='ltr'>partem</span> <span class='ocrx_word' id='word_1_80' title='bbox 316 1152 363 1207; x_wconf 89' lang='lat' dir='ltr'>leti</span> <span class='ocrx_word' id='word_1_81' title='bbox 374 1152 458 1207; x_wconf 86' lang='lat' dir='ltr'>citius</span> <span class='ocrx_word' id='word_1_82' title='bbox 469 1154 556 1209; x_wconf 88' lang='lat' dir='ltr'>venit.</span> <span class='ocrx_word' id='word_1_83' title='bbox 587 1153 678 1226; x_wconf 87' lang='lat' dir='ltr'>thue</span> <span class='ocrx_word' id='word_1_84' title='bbox 688 1152 791 1209; x_wconf 89' lang='lat' dir='ltr'>salutis</span> 
     </span>
    </p>

    <p class='ocr_par' dir='ltr' id='par_1_7' title="bbox 101 1228 928 1605">
     <span class='ocr_line' id='line_1_15' title="bbox 101 1228 833 1303; baseline -0.001 -17"><span class='ocrx_word' id='word_1_85' title='bbox 101 1243 141 1286; x_wconf 85' lang='grc'>555</span> <span class='ocrx_word' id='word_1_86' title='bbox 157 1249 221 1303; x_wconf 91' lang='lat' dir='ltr'>spes</span> <span class='ocrx_word' id='word_1_87' title='bbox 231 1231 308 1292; x_wconf 83' lang='lat' dir='ltr'>abiit,</span> <span class='ocrx_word' id='word_1_88' title='bbox 322 1228 463 1301; x_wconf 85' lang='lat' dir='ltr'>finemque</span> <span class='ocrx_word' id='word_1_89' title='bbox 472 1228 569 1285; x_wconf 81' lang='lat' dir='ltr'>vident</span> <span class='ocrx_word' id='word_1_90' title='bbox 579 1230 609 1284; x_wconf 89' lang='lat' dir='ltr'>in</span> <span class='ocrx_word' id='word_1_91' title='bbox 620 1228 718 1285; x_wconf 88' lang='lat' dir='ltr'>funere</span> <span class='ocrx_word' id='word_1_92' title='bbox 729 1229 833 1294; x_wconf 84' lang='lat' dir='ltr'>morbi,</span> 
     </span>
     <span class='ocr_line' id='line_1_16' title="bbox 157 1303 866 1379; baseline 0.001 -18"><span class='ocrx_word' id='word_1_93' title='bbox 157 1305 304 1379; x_wconf 83' lang='lat' dir='ltr'>indulgent</span> <span class='ocrx_word' id='word_1_94' title='bbox 314 1303 416 1359; x_wconf 86' lang='lat' dir='ltr'>animis</span> <span class='ocrx_word' id='word_1_95' title='bbox 426 1313 453 1360; x_wconf 90' lang='lat' dir='ltr'>et</span> <span class='ocrx_word' id='word_1_96' title='bbox 463 1303 548 1369; x_wconf 84' lang='lat' dir='ltr'>uuila,</span> <span class='ocrx_word' id='word_1_97' title='bbox 562 1304 632 1377; x_wconf 91' lang='lat' dir='ltr'>quid</span> <span class='ocrx_word' id='word_1_98' title='bbox 641 1303 721 1370; x_wconf 88' lang='lat' dir='ltr'>utile,</span> <span class='ocrx_word' id='word_1_99' title='bbox 733 1322 803 1362; x_wconf 84' lang='lat' dir='ltr'>cura</span> <span class='ocrx_word' id='word_1_100' title='bbox 812 1314 866 1375; x_wconf 79' lang='lat' dir='ltr'>est3</span> 
     </span>
     <span class='ocr_line' id='line_1_17' title="bbox 159 1377 873 1453; baseline 0 -16"><span class='ocrx_word' id='word_1_101' title='bbox 159 1380 227 1437; x_wconf 84' lang='lat' dir='ltr'>utile</span> <span class='ocrx_word' id='word_1_102' title='bbox 238 1381 313 1436; x_wconf 90' lang='lat' dir='ltr'>enim</span> <span class='ocrx_word' id='word_1_103' title='bbox 323 1377 395 1434; x_wconf 88' lang='lat' dir='ltr'>nihil</span> <span class='ocrx_word' id='word_1_104' title='bbox 407 1389 457 1434; x_wconf 90' lang='lat' dir='ltr'>est.</span> <span class='ocrx_word' id='word_1_105' title='bbox 488 1381 595 1436; x_wconf 86' lang='lat' dir='ltr'>Passim</span> <span class='ocrx_word' id='word_1_106' title='bbox 605 1381 754 1453; x_wconf 89' lang='lat' dir='ltr'>positoque</span> <span class='ocrx_word' id='word_1_107' title='bbox 766 1381 873 1453; x_wconf 89' lang='lat' dir='ltr'>pudore</span> 
     </span>
     <span class='ocr_line' id='line_1_18' title="bbox 160 1453 887 1529; baseline -0.001 -16"><span class='ocrx_word' id='word_1_108' title='bbox 160 1458 284 1513; x_wconf 82' lang='lat' dir='ltr'>fontibus</span> <span class='ocrx_word' id='word_1_109' title='bbox 294 1465 322 1513; x_wconf 86' lang='lat' dir='ltr'>et</span> <span class='ocrx_word' id='word_1_110' title='bbox 332 1453 426 1510; x_wconf 85' lang='lat' dir='ltr'>fluviis</span> <span class='ocrx_word' id='word_1_111' title='bbox 438 1457 586 1529; x_wconf 89' lang='lat' dir='ltr'>puteisque</span> <span class='ocrx_word' id='word_1_112' title='bbox 596 1456 749 1529; x_wconf 88' lang='lat' dir='ltr'>capacibus</span> <span class='ocrx_word' id='word_1_113' title='bbox 760 1456 887 1514; x_wconf 88' lang='lat' dir='ltr'>haerent:</span> 
     </span>
     <span class='ocr_line' id='line_1_19' title="bbox 159 1531 928 1605; baseline 0.001 -17"><span class='ocrx_word' id='word_1_114' title='bbox 159 1551 210 1588; x_wconf 90' lang='lat' dir='ltr'>nec</span> <span class='ocrx_word' id='word_1_115' title='bbox 221 1535 282 1588; x_wconf 87' lang='lat' dir='ltr'>sitis</span> <span class='ocrx_word' id='word_1_116' title='bbox 294 1540 336 1587; x_wconf 90' lang='lat' dir='ltr'>est</span> <span class='ocrx_word' id='word_1_117' title='bbox 345 1531 480 1587; x_wconf 86' lang='lat' dir='ltr'>exstincta</span> <span class='ocrx_word' id='word_1_118' title='bbox 492 1532 585 1605; x_wconf 87' lang='lat' dir='ltr'>prius,</span> <span class='ocrx_word' id='word_1_119' title='bbox 598 1549 683 1604; x_wconf 88' lang='lat' dir='ltr'>quam</span> <span class='ocrx_word' id='word_1_120' title='bbox 692 1533 766 1597; x_wconf 87' lang='lat' dir='ltr'>vita,</span> <span class='ocrx_word' id='word_1_121' title='bbox 779 1532 906 1589; x_wconf 86' lang='lat' dir='ltr'>bibendo.</span> <span class='ocrx_word' id='word_1_122' title='bbox 924 1558 928 1567; x_wconf 93' lang='lat'><em>·</em></span> 
     </span>
    </p>

    <p class='ocr_par' dir='ltr' id='par_1_8' title="bbox 103 1607 908 1984">
     <span class='ocr_line' id='line_1_20' title="bbox 103 1607 887 1682; baseline 0.001 -19"><span class='ocrx_word' id='word_1_123' title='bbox 103 1621 142 1663; x_wconf 78' lang='lat'>57⁰</span> <span class='ocrx_word' id='word_1_124' title='bbox 157 1609 224 1664; x_wconf 89' lang='lat' dir='ltr'>inde</span> <span class='ocrx_word' id='word_1_125' title='bbox 233 1625 333 1682; x_wconf 82' lang='lat' dir='ltr'>graves</span> <span class='ocrx_word' id='word_1_126' title='bbox 344 1607 425 1662; x_wconf 90' lang='lat' dir='ltr'>multi</span> <span class='ocrx_word' id='word_1_127' title='bbox 436 1616 579 1680; x_wconf 89' lang='lat' dir='ltr'>nequeunt</span> <span class='ocrx_word' id='word_1_128' title='bbox 588 1617 809 1680; x_wconf 64' lang='lat' dir='ltr'>consurgere-et</span> <span class='ocrx_word' id='word_1_129' title='bbox 819 1609 887 1681; x_wconf 81' lang='lat' dir='ltr'>ipsis</span> 
     </span>
     <span class='ocr_line' id='line_1_21' title="bbox 160 1682 905 1756; baseline -0.001 -17"><span class='ocrx_word' id='word_1_130' title='bbox 160 1685 357 1739; x_wconf 84' lang='lat' dir='ltr'>immorientur</span> <span class='ocrx_word' id='word_1_131' title='bbox 369 1684 464 1755; x_wconf 90' lang='lat' dir='ltr'>aquis:</span> <span class='ocrx_word' id='word_1_132' title='bbox 478 1683 581 1756; x_wconf 89' lang='lat' dir='ltr'>aliquis</span> <span class='ocrx_word' id='word_1_133' title='bbox 591 1692 684 1738; x_wconf 89' lang='lat' dir='ltr'>tamen</span> <span class='ocrx_word' id='word_1_134' title='bbox 695 1683 791 1739; x_wconf 86' lang='lat' dir='ltr'>beurit</span> <span class='ocrx_word' id='word_1_135' title='bbox 801 1694 830 1740; x_wconf 88' lang='lat' dir='ltr'>et</span> <span class='ocrx_word' id='word_1_136' title='bbox 839 1682 905 1739; x_wconf 85' lang='lat' dir='ltr'>illes.</span> 
     </span>
     <span class='ocr_line' id='line_1_22' title="bbox 159 1759 788 1831; baseline 0 -17"><span class='ocrx_word' id='word_1_137' title='bbox 159 1762 300 1831; x_wconf 83' lang='lat' dir='ltr'>Tantaque</span> <span class='ocrx_word' id='word_1_138' title='bbox 310 1766 376 1813; x_wconf 89' lang='lat' dir='ltr'>sunt</span> <span class='ocrx_word' id='word_1_139' title='bbox 388 1759 498 1813; x_wconf 90' lang='lat' dir='ltr'>miseris</span> <span class='ocrx_word' id='word_1_140' title='bbox 509 1759 595 1814; x_wconf 91' lang='lat' dir='ltr'>invisi</span> <span class='ocrx_word' id='word_1_141' title='bbox 606 1759 695 1814; x_wconf 86' lang='lat' dir='ltr'>taedia</span> <span class='ocrx_word' id='word_1_142' title='bbox 707 1759 788 1816; x_wconf 89' lang='lat' dir='ltr'>lecti:</span> 
     </span>
     <span class='ocr_line' id='line_1_23' title="bbox 160 1834 834 1907; baseline 0 -17"><span class='ocrx_word' id='word_1_143' title='bbox 160 1834 319 1907; x_wconf 86' lang='lat' dir='ltr'>prosiliunt,</span> <span class='ocrx_word' id='word_1_144' title='bbox 330 1842 378 1888; x_wconf 90' lang='lat' dir='ltr'>aut</span> <span class='ocrx_word' id='word_1_145' title='bbox 388 1834 413 1888; x_wconf 87' lang='lat' dir='ltr'>si</span> <span class='ocrx_word' id='word_1_146' title='bbox 424 1834 573 1907; x_wconf 88' lang='lat' dir='ltr'>prohibent</span> <span class='ocrx_word' id='word_1_147' title='bbox 584 1837 736 1890; x_wconf 84' lang='lat' dir='ltr'>consistere</span> <span class='ocrx_word' id='word_1_148' title='bbox 749 1835 834 1901; x_wconf 87' lang='lat' dir='ltr'>vires,</span> 
     </span>
     <span class='ocr_line' id='line_1_24' title="bbox 160 1908 908 1984; baseline 0.001 -19"><span class='ocrx_word' id='word_1_149' title='bbox 160 1928 272 1982; x_wconf 89' lang='lat' dir='ltr'>corpora</span> <span class='ocrx_word' id='word_1_150' title='bbox 282 1908 605 1980; x_wconf 85' lang='lat' dir='ltr'>devolvuntinbumum;</span> <span class='ocrx_word' id='word_1_151' title='bbox 619 1910 790 1984; x_wconf 78' lang='lat' dir='ltr'>fugiuntque</span> <span class='ocrx_word' id='word_1_152' title='bbox 802 1918 908 1984; x_wconf 67' lang='lat' dir='ltr'>penate</span> 
     </span>
    </p>

    <p class='ocr_par' dir='ltr' id='par_1_9' title="bbox 104 1985 906 2135">
     <span class='ocr_line' id='line_1_25' title="bbox 104 1985 906 2060; baseline -0.001 -18"><span class='ocrx_word' id='word_1_153' title='bbox 104 1999 143 2042; x_wconf 74' lang='lat'>575</span> <span class='ocrx_word' id='word_1_154' title='bbox 159 1989 278 2060; x_wconf 89' lang='lat' dir='ltr'>quisque</span> <span class='ocrx_word' id='word_1_155' title='bbox 289 2001 368 2040; x_wconf 90' lang='lat' dir='ltr'>suos:</span> <span class='ocrx_word' id='word_1_156' title='bbox 382 2002 432 2040; x_wconf 86' lang='lat' dir='ltr'>sue</span> <span class='ocrx_word' id='word_1_157' title='bbox 442 1987 545 2059; x_wconf 89' lang='lat' dir='ltr'>cuique</span> <span class='ocrx_word' id='word_1_158' title='bbox 556 1987 654 2042; x_wconf 90' lang='lat' dir='ltr'>domus</span> <span class='ocrx_word' id='word_1_159' title='bbox 665 1985 776 2042; x_wconf 79' lang='lat' dir='ltr'>funesta</span> <span class='ocrx_word' id='word_1_160' title='bbox 788 1987 906 2053; x_wconf 61' lang='lat' dir='ltr'>videtum</span> 
     </span>
     <span class='ocr_line' id='line_1_26' title="bbox 161 2059 875 2135; baseline -0.003 -17"><span class='ocrx_word' id='word_1_161' title='bbox 161 2072 187 2118; x_wconf 86' lang='lat' dir='ltr'>et</span> <span class='ocrx_word' id='word_1_162' title='bbox 197 2062 263 2135; x_wconf 90' lang='lat' dir='ltr'>quia</span> <span class='ocrx_word' id='word_1_163' title='bbox 274 2078 371 2117; x_wconf 88' lang='lat' dir='ltr'>caussa</span> <span class='ocrx_word' id='word_1_164' title='bbox 382 2059 455 2125; x_wconf 87' lang='lat' dir='ltr'>latet,</span> <span class='ocrx_word' id='word_1_165' title='bbox 474 2060 551 2117; x_wconf 89' lang='lat' dir='ltr'>locus</span> <span class='ocrx_word' id='word_1_166' title='bbox 563 2071 605 2119; x_wconf 90' lang='lat' dir='ltr'>est</span> <span class='ocrx_word' id='word_1_167' title='bbox 614 2064 644 2119; x_wconf 92' lang='lat' dir='ltr'>in</span> <span class='ocrx_word' id='word_1_168' title='bbox 653 2063 773 2118; x_wconf 88' lang='lat' dir='ltr'>crimine</span> <span class='ocrx_word' id='word_1_169' title='bbox 782 2072 875 2120; x_wconf 86' lang='lat' dir='ltr'>notus.</span> 
     </span>
    </p>

    <p class='ocr_par' dir='ltr' id='par_1_10' title="bbox 126 2137 835 2364">
     <span class='ocr_line' id='line_1_27' title="bbox 126 2137 835 2205; baseline -0.001 -9"><span class='ocrx_word' id='word_1_170' title='bbox 126 2188 129 2196; x_wconf 91' lang='lat'><em>.</em></span> <span class='ocrx_word' id='word_1_171' title='bbox 160 2139 342 2194; x_wconf 88' lang='lat' dir='ltr'>Semianimes</span> <span class='ocrx_word' id='word_1_172' title='bbox 353 2153 443 2191; x_wconf 87' lang='lat' dir='ltr'>errare</span> <span class='ocrx_word' id='word_1_173' title='bbox 455 2139 517 2203; x_wconf 84' lang='lat' dir='ltr'>viis,</span> <span class='ocrx_word' id='word_1_174' title='bbox 531 2138 679 2195; x_wconf 85' lang='lat' dir='ltr'>demetere</span> <span class='ocrx_word' id='word_1_175' title='bbox 690 2137 835 2205; x_wconf 85' lang='lat' dir='ltr'>valebant,</span> 
     </span>
     <span class='ocr_line' id='line_1_28' title="bbox 161 2211 789 2288; baseline -0.003 -17"><span class='ocrx_word' id='word_1_176' title='bbox 161 2216 328 2287; x_wconf 87' lang='lat' dir='ltr'>adspiceres,</span> <span class='ocrx_word' id='word_1_177' title='bbox 343 2211 439 2268; x_wconf 82' lang='lat' dir='ltr'>flentes</span> <span class='ocrx_word' id='word_1_178' title='bbox 449 2212 518 2268; x_wconf 85' lang='lat' dir='ltr'>alies</span> <span class='ocrx_word' id='word_1_179' title='bbox 528 2222 655 2288; x_wconf 88' lang='lat' dir='ltr'>terraque</span> <span class='ocrx_word' id='word_1_180' title='bbox 665 2214 789 2270; x_wconf 87' lang='lat' dir='ltr'>iacentes</span> 
     </span>
     <span class='ocr_line' id='line_1_29' title="bbox 159 2290 799 2364; baseline -0.003 -18"><span class='ocrx_word' id='word_1_181' title='bbox 159 2291 287 2364; x_wconf 87' lang='lat' dir='ltr'>lassaque</span> <span class='ocrx_word' id='word_1_182' title='bbox 300 2297 441 2345; x_wconf 86' lang='lat' dir='ltr'>versantes</span> <span class='ocrx_word' id='word_1_183' title='bbox 452 2307 582 2360; x_wconf 89' lang='lat' dir='ltr'>supremo</span> <span class='ocrx_word' id='word_1_184' title='bbox 594 2290 700 2357; x_wconf 88' lang='lat' dir='ltr'>lumine</span> <span class='ocrx_word' id='word_1_185' title='bbox 710 2298 799 2345; x_wconf 89' lang='lat' dir='ltr'>motu.</span> 
     </span>
    </p>

    <p class='ocr_par' dir='ltr' id='par_1_11' title="bbox 106 2365 900 2744">
     <span class='ocr_line' id='line_1_30' title="bbox 106 2365 862 2439; baseline 0.003 -19"><span class='ocrx_word' id='word_1_186' title='bbox 106 2380 144 2421; x_wconf 75' lang='lat' dir='ltr'>sao</span> <span class='ocrx_word' id='word_1_187' title='bbox 160 2368 338 2439; x_wconf 88' lang='lat' dir='ltr'>Membraque</span> <span class='ocrx_word' id='word_1_188' title='bbox 348 2365 495 2438; x_wconf 89' lang='lat' dir='ltr'>pendentis</span> <span class='ocrx_word' id='word_1_189' title='bbox 506 2366 622 2422; x_wconf 86' lang='lat' dir='ltr'>tendunt</span> <span class='ocrx_word' id='word_1_190' title='bbox 631 2366 665 2421; x_wconf 88' lang='lat' dir='ltr'>ad</span> <span class='ocrx_word' id='word_1_191' title='bbox 676 2365 770 2422; x_wconf 89' lang='lat' dir='ltr'>sidere</span> <span class='ocrx_word' id='word_1_192' title='bbox 780 2367 862 2431; x_wconf 78' lang='lat' dir='ltr'>coeii¹</span> 
     </span>
     <span class='ocr_line' id='line_1_31' title="bbox 161 2440 823 2513; baseline 0.005 -18"><span class='ocrx_word' id='word_1_193' title='bbox 161 2444 206 2497; x_wconf 91' lang='lat' dir='ltr'>hic</span> <span class='ocrx_word' id='word_1_194' title='bbox 217 2443 287 2507; x_wconf 89' lang='lat' dir='ltr'>iilic,</span> <span class='ocrx_word' id='word_1_195' title='bbox 298 2443 348 2497; x_wconf 92' lang='lat' dir='ltr'>ubi</span> <span class='ocrx_word' id='word_1_196' title='bbox 359 2459 432 2496; x_wconf 90' lang='lat' dir='ltr'>mors</span> <span class='ocrx_word' id='word_1_197' title='bbox 443 2441 635 2513; x_wconf 86' lang='lat' dir='ltr'>deprenderat,</span> <span class='ocrx_word' id='word_1_198' title='bbox 647 2440 823 2498; x_wconf 81' lang='lat' dir='ltr'>exhalantes.</span> 
     </span>
     <span class='ocr_line' id='line_1_32' title="bbox 162 2516 900 2591; baseline 0.008 -18"><span class='ocrx_word' id='word_1_199' title='bbox 162 2518 236 2583; x_wconf 85' lang='lat' dir='ltr'>Quid</span> <span class='ocrx_word' id='word_1_200' title='bbox 247 2519 316 2573; x_wconf 90' lang='lat' dir='ltr'>mihi</span> <span class='ocrx_word' id='word_1_201' title='bbox 326 2527 393 2574; x_wconf 91' lang='lat' dir='ltr'>tunc</span> <span class='ocrx_word' id='word_1_202' title='bbox 403 2518 488 2573; x_wconf 89' lang='lat' dir='ltr'>animi</span> <span class='ocrx_word' id='word_1_203' title='bbox 499 2516 570 2573; x_wconf 81' lang='lat' dir='ltr'>iuit‘?</span> <span class='ocrx_word' id='word_1_204' title='bbox 584 2527 632 2574; x_wconf 85' lang='lat' dir='ltr'>eut</span> <span class='ocrx_word' id='word_1_205' title='bbox 642 2517 712 2591; x_wconf 73' lang='lat' dir='ltr'>qnid</span> <span class='ocrx_word' id='word_1_206' title='bbox 722 2517 823 2574; x_wconf 89' lang='lat' dir='ltr'>debuit</span> <span class='ocrx_word' id='word_1_207' title='bbox 833 2535 900 2579; x_wconf 74' lang='lat' dir='ltr'>esse.</span> 
     </span>
     <span class='ocr_line' id='line_1_33' title="bbox 162 2591 895 2667; baseline -0.004 -20"><span class='ocrx_word' id='word_1_208' title='bbox 162 2603 191 2648; x_wconf 86' lang='lat' dir='ltr'>ut</span> <span class='ocrx_word' id='word_1_209' title='bbox 201 2594 284 2649; x_wconf 89' lang='lat' dir='ltr'>vitam</span> <span class='ocrx_word' id='word_1_210' title='bbox 296 2594 417 2649; x_wconf 90' lang='lat' dir='ltr'>odissem</span> <span class='ocrx_word' id='word_1_211' title='bbox 427 2602 454 2649; x_wconf 91' lang='lat' dir='ltr'>et</span> <span class='ocrx_word' id='word_1_212' title='bbox 464 2611 594 2666; x_wconf 89' lang='lat' dir='ltr'>cuperem</span> <span class='ocrx_word' id='word_1_213' title='bbox 606 2612 669 2667; x_wconf 87' lang='lat' dir='ltr'>pars</span> <span class='ocrx_word' id='word_1_214' title='bbox 680 2611 742 2650; x_wconf 91' lang='lat' dir='ltr'>esse</span> <span class='ocrx_word' id='word_1_215' title='bbox 753 2591 895 2650; x_wconf 75' lang='lat' dir='ltr'>meorum?</span> 
     </span>
     <span class='ocr_line' id='line_1_34' title="bbox 161 2668 832 2744; baseline 0.001 -21"><span class='ocrx_word' id='word_1_216' title='bbox 161 2671 221 2736; x_wconf 74' lang='lat' dir='ltr'>Quo</span> <span class='ocrx_word' id='word_1_217' title='bbox 232 2687 261 2724; x_wconf 89' lang='lat' dir='ltr'>se</span> <span class='ocrx_word' id='word_1_218' title='bbox 272 2687 382 2744; x_wconf 90' lang='lat' dir='ltr'>cunque</span> <span class='ocrx_word' id='word_1_219' title='bbox 394 2671 467 2725; x_wconf 85' lang='lat' dir='ltr'>ecies</span> <span class='ocrx_word' id='word_1_220' title='bbox 478 2669 622 2726; x_wconf 88' lang='lat' dir='ltr'>oculorum</span> <span class='ocrx_word' id='word_1_221' title='bbox 632 2668 755 2736; x_wconf 80' lang='lat' dir='ltr'>flexerat,</span> <span class='ocrx_word' id='word_1_222' title='bbox 769 2668 832 2725; x_wconf 90' lang='lat' dir='ltr'>illic</span> 
     </span>
    </p>
   </div>
   <div class='ocr_carea' id='block_1_3' title="bbox 0 0 942 3480">
    <p class='ocr_par' dir='ltr' id='par_1_12' title="bbox 0 0 942 3480">
     <span class='ocr_line' id='line_1_35' title="bbox 0 0 942 3480; baseline 0 0"><span class='ocrx_word' id='word_1_223' title='bbox 0 0 942 3480; x_wconf 95' lang='lat' dir='ltr'> </span> 
     </span>
    </p>
   </div>
  </div>
 </body>
</html>
