1876 3480
100 98 103 107 Ι
160 139 209 193 111
339 143 367 189 1³.
388 143 520 190 ovmn
537 140 708 198 Nasonis

154 247 292 319 verbaque
303 245 445 318 quaerenti
455 245 522 301 satis
531 244 706 320 indignantia
718 243 831 321 linguae

98 335 137 379 500
152 322 312 378 defuerunt:
331 338 382 378 neo
391 320 455 377 flere
465 330 553 386 vacat,
566 321 616 377 sed
625 321 725 394 fasque
734 320 864 397 nefasque

154 397 301 455 confusura
315 400 380 464 ruit,
393 414 553 471 poenaeque
563 398 593 453 in
604 398 729 472 imagine
741 409 796 455 tota
810 408 859 455 est.

190 477 311 548 Tempus
322 483 388 539 erat,
400 491 456 546 quo
466 490 543 530 saera
553 474 644 530 solent
649 474 800 531 Trieterioa
808 475 894 531 lhoohi

153 551 295 608 Sithoniae
306 549 447 609 celebrare
458 567 555 606 nurus.
589 551 652 606 Nox
661 551 773 606 conseia
784 552 878 608 saeris:

155 637 234 684 nocte
244 635 323 683 sonat
332 626 464 699 Rhodope
474 626 623 683 tinnitibus
633 627 707 682 aeris
720 627 810 683 acuti:

98 716 138 761 500
153 715 231 762 nocte
241 721 290 759 sua
302 712 343 758 est
352 701 463 777 egressa
474 701 555 758 domo
568 702 675 777 regina,
689 701 795 776 deique

155 782 256 836 ritibus
268 780 422 844 instruitur,
436 778 602 851 furialiaque
612 778 716 850 accipit
725 796 813 836 arma.
893 794 903 817 ·
937 803 938 830 i

154 857 216 913 Vite
226 865 309 928 caput
319 856 430 930 tegitur,
447 854 525 910 lateri
535 855 648 911 cervina
658 855 775 910 sinistro

154 933 255 988 vellera
269 931 434 1004 dependent,
447 931 563 986 humero
577 929 647 986 levis
658 931 775 987 incubat
789 931 871 989 110010.
912 954 925 981 2·

155 1009 266 1065 Concita
277 1025 327 1079 per
339 1007 425 1063 silvas
435 1007 515 1063 turba
526 1008 674 1062 comitante
684 1025 801 1064 suarum

99 1094 138 1139 505
153 1083 287 1141 terribilis
297 1084 411 1147 Procne,
427 1083 565 1156 furiisque
575 1084 676 1158 agitata
686 1082 802 1150 doloris,

152 1160 271 1224 Bacche,
288 1168 349 1214 tuas
359 1159 482 1215 simulat.
516 1159 598 1215 Venit
608 1159 643 1215 ad
651 1159 763 1290 {tabula
773 1161 896 1219 avianu-
918 1192 927 1259 q

671 1253 725 1302 em,

156 1309 345 1383 exululatque,
356 1311 488 1383 Euoeque
503 1319 590 1376 sonat,
605 1320 755 1385 portasque
766 1311 887 1388 refringit
903 1310 906 1317 ’

153 1404 368 1463 germanamque
379 1389 464 1459 rapit:
482 1396 631 1459 raptaeque
643 1388 765 1462 insignia
776 1388 873 1445 Baoohi
908 1434 912 1441 .

154 1463 256 1528 induit,
272 1472 299 1518 et
309 1462 403 1518 vultus
415 1462 580 1519 hederarum
590 1463 739 1519 frondibus
748 1463 836 1531 abdit,
937 1533 938 1540 ἵ

100 1551 139 1594 000
154 1540 351 1610 attonitamque
366 1537 477 1595 trahens
489 1539 560 1594 intra
571 1557 620 1594 sua
632 1539 729 1595 limina
740 1540 830 1597 ducit.

155 1616 190 1671 Ut
202 1616 289 1670 sensit
299 1616 424 1689 tetigisse
437 1615 550 1670 domum
563 1615 716 1671 Philomela
727 1615 879 1679 nefandam.
929 1618 937 1675 ε’

156 1692 263 1746 horruit
273 1690 381 1755 infelix,
394 1700 506 1763 totoque
516 1690 653 1763 expalluit
662 1708 720 1746 ore.

154 1769 237 1821 Nacta
248 1766 338 1821 locum
349 1767 452 1822 Procne
466 1784 606 1822 sacrorum
617 1767 733 1840 pignora
744 1766 841 1833 demit,
930 1810 933 1815 -

154 1860 256 1914 oraque
267 1841 376 1897 develat
386 1844 503 1898 miserae
513 1843 677 1914 pudibunda
691 1845 807 1908 sororis,

101 1929 139 1973 005
155 1919 370 1991 amplexumque
381 1921 459 1990 petit.
492 1917 547 1974 Sed
556 1937 611 1974 non
622 1918 747 1974 attollere
760 1927 853 1975 oontra

155 1996 273 2050 sustinet
283 1995 350 2049 haec
360 1993 465 2060 oculos,
480 1995 575 2067 pellex
585 1995 640 2050 sihi
657 1995 716 2050 visa
727 1996 845 2052 sororia:

155 2071 315 2143 deiectoque
326 2072 353 2124 in
366 2071 483 2125 humum
494 2070 573 2126 vultu
584 2071 674 2126 iurare
684 2072 802 2137 volenti,

157 2148 305 2219 testarique
316 2145 391 2210 deos,
404 2164 454 2218 per
467 2147 525 2202 vim
538 2147 594 2202 sibi
607 2145 729 2201 dedecus
740 2146 815 2202 illud

156 2224 275 2288 illatum,
288 2241 337 2295 pro
351 2240 417 2278 voce
429 2240 527 2277 manus
538 2222 600 2278 fuit.
632 2221 727 2287 Ardet,
741 2232 769 2278 et
780 2223 850 2283 iram

101 2310 140 2353 mu
155 2318 209 2355 non
220 2300 294 2371 oapit
304 2300 363 2370 ipsa
374 2316 453 2353 suam
463 2299 576 2354 Procne.
608 2299 776 2372 Fletumque
787 2297 886 2354 sororis

157 2372 900 2449 corripiens:»Nonestlacrimishiminquitagondum,

156 2451 205 2506 sed
216 2451 296 2516 ferro,
309 2452 393 2506 sensi
404 2449 472 2523 quid
483 2451 578 2516 habes,
591 2449 667 2523 qnod
680 2451 794 2507 vincere
804 2448 903 2506 ferrum

156 2528 257 2600 possit:
271 2529 299 2582 in
310 2544 390 2582 omne
402 2526 478 2581 nefas
490 2544 540 2601 ego
550 2544 604 2591 me,
616 2543 758 2601 germana,
771 2525 878 2599 paravi.

155 2602 211 2657 Ant
220 2619 280 2676 ego,
293 2621 381 2677 quum
390 2602 499 2658 facibus
509 2601 612 2677 regalia
624 2612 693 2658 tenta
704 2603 845 2669 cremabo,

102 2689 140 2732 015
155 2679 288 2734 artificem
301 2679 402 2735 mediis
413 2679 559 2736 immittam
570 2680 655 2737 Terea
666 2676 803 2737 flammis:
