1876 3480
152 154 203 209 2lll
345 159 372 205 P.
393 158 524 208 ovum
541 158 712 207 macoma

154 262 219 327 talin,
232 263 279 326 ait,
294 279 328 317 en
339 261 387 316 hic
397 269 439 316 est
448 261 533 316 nostri
545 262 727 316 contemtoris
742 255 878 317 ethaeum
931 264 935 300 ³

154 339 225 392 vatis
234 339 373 408 Apollinei
384 337 489 392 vocalia
500 337 616 391 misitin
626 354 687 392 ora:
931 342 935 353 “

155 431 226 486 quae
237 412 311 468 loliis
322 421 449 485 praesuta
458 420 548 467 notam
559 413 621 466 sine
632 411 748 468 vulnere
758 410 831 467 tacit.
930 420 935 451 ·'·

100 502 126 545 tt
154 489 275 545 Alterius
287 488 372 544 telum
383 487 454 559 lapis
465 497 519 543 est:
533 488 582 559 qui
592 488 708 553 missus,
721 488 822 559 inipso

156 568 217 621 aere
231 573 364 620 concentu
377 566 466 618 victus
478 564 610 635 vocisque
621 561 753 637 lyraeque
764 571 814 628 est,

157 659 188 696 ac
198 639 284 697 veluti
296 640 417 712 supplex
427 657 477 711 pro
487 647 542 703 tam
553 638 704 694 hrrialibus
714 641 791 695 ausis

156 715 313 789 antepedes
325 716 418 771 iacuit.
449 713 504 770 Sed
515 716 589 770 enim
598 715 745 771 temeraria
755 722 872 771 crescunt
932 734 935 787 3

155 792 238 857 bella,
251 791 405 863 modusque
415 791 493 855 abiit,
506 792 659 863 insanaque
669 800 767 866 regnat
776 792 889 863 Erinnys.
933 808 935 829 =

102 881 126 923 15
152 870 311 940 Cunctaque
322 867 374 922 tela
384 865 473 922 forent
483 875 566 922 cantu
574 865 695 933 mollita3
708 866 759 923 sed
769 868 860 942 ingens
932 872 935 877 '

158 944 259 1000 clamor
271 952 297 998 et
307 941 400 999 inflato
409 942 590 1017 Berecynthia
600 943 670 998 tibia
681 960 769 998 cornu
933 948 935 955 '

157 1030 341 1095 tympanaque
355 1027 381 1074 et
392 1018 507 1091 plausus
517 1027 545 1074 et
553 1019 670 1074 Bacchei
681 1017 805 1075 ululatus

157 1097 336 1167 obstrepuere
347 1112 414 1150 sono
424 1095 555 1152 citharae.
589 1097 659 1150 Tum
671 1094 794 1168 dentque
805 1111 862 1151 sexa

157 1189 210 1227 non
225 1170 348 1233 exauditi
361 1169 516 1231 rubuerunt
525 1172 662 1245 sanguine
671 1172 754 1227 vatis.

103 1259 128 1302 tc
156 1248 195 1302 Ac
207 1248 328 1318 primum
338 1248 466 1303 attonitas
479 1247 631 1308 etiamnum
641 1263 710 1303 voce
721 1249 841 1305 canente
863 1264 870 1275 ·

158 1325 317 1378 innumeras
322 1321 617 1398 volucresauguesque
622 1339 780 1398 agmenque
791 1323 892 1380 leramm

157 1398 301 1454 Maenades
310 1396 415 1471 Orphei
423 1398 537 1457 titulum
546 1415 663 1472 rapuere
673 1400 785 1455 theatri.

157 1476 223 1541 Inde
234 1476 383 1531 cruentatis
393 1483 538 1535 vertuntur
547 1476 577 1533 in
586 1473 697 1547 Orphea
711 1474 817 1535 dextris

157 1560 184 1606 et
194 1553 302 1616 coeunt,
314 1559 429 1614 moves,
445 1552 470 1609 si
483 1551 594 1624 quaudo
607 1549 670 1607 lucc
681 1562 826 1626 vagantem

103 1637 128 1680 25
154 1628 241 1682 noctis
252 1644 332 1681 avem
342 1635 467 1693 cernunt,
484 1635 644 1700 structaque
653 1629 796 1700 utrimque
806 1628 894 1684 thaam

159 1721 209 1756 ceu
221 1703 353 1758 matutina
364 1720 462 1758 cervus
472 1705 613 1776 periturus
623 1721 706 1759 arena

160 1778 260 1851 praeda
280 1795 379 1833 canum
403 1787 457 1843 eat,
479 1789 626 1852 vatemque
646 1788 745 1852 petunt
766 1788 793 1836 et
814 1776 896 1835 fronde

656 1857 759 1911 virenti

159 1930 311 1986 coniiciunt
320 1929 439 2004 thyrsos,
452 1948 506 1986 non
517 1931 585 1986 haec
595 1932 624 1987 in
635 1948 751 1987 munera
763 1930 854 1988 iactos.

161 2008 215 2061 Hae
226 2005 332 2079 glebas,
344 2004 409 2061 illae
419 2006 541 2079 direptos
552 2007 648 2065 arbore
658 2024 760 2073 ramos,

104 2095 130 2136 30
159 2100 221 2154 pars
232 2090 360 2154 torquent
370 2081 474 2137 silices.
505 2085 564 2138 Neu
575 2083 667 2139 desint
678 2082 732 2139 tela
743 2083 839 2146 furori,

162 2157 229 2214 forte
240 2158 326 2213 boves
336 2175 432 2230 presso
441 2159 608 2232 subigebant
618 2177 730 2216 vomere
740 2169 847 2217 terram.

160 2252 210 2288 nec
220 2231 316 2306 procul
326 2232 393 2289 hinc
403 2233 490 2290 multo
501 2233 620 2291 fructum
631 2234 732 2291 sudore
743 2242 865 2309 parantes
928 2264 932 2275 ·

159 2310 226 2364 dura
238 2308 363 2366 lacertosi
373 2309 514 2367 fodiebant
526 2329 591 2367 arva
604 2311 706 2368 coloni.

159 2386 276 2460 Agmine
287 2386 337 2458 qui
347 2388 408 2441 viso
422 2385 543 2460 fugiunt,
554 2389 701 2460 operisque
712 2387 870 2461 relinquunt

106 2473 132 2515 35
161 2480 235 2516 arma
246 2463 300 2526 sui,
314 2479 470 2535 vacuosque
481 2463 571 2518 iacent
580 2463 705 2536 dispersa
716 2480 767 2536 per
777 2480 854 2538 agros

162 2536 325 2609 sarculaque
337 2539 473 2611 rastrique
484 2555 582 2612 graves
597 2537 730 2613 longique
741 2539 857 2614 ligones.

160 2610 235 2677 Quae
248 2623 396 2686 postquam
407 2631 523 2686 rapuere
537 2613 619 2680 ferae,
636 2632 781 2687 cornuque
792 2618 896 2672 minaces

160 2687 303 2745 divulsere
313 2691 409 2758 boues,
421 2691 457 2749 ad
465 2692 537 2745 vatia
547 2689 601 2749 iata
614 2700 770 2757 recurrunt,
