1876 3480
166 176 198 229 32
358 178 385 223 P.
406 176 535 224 ovum
552 175 724 223 NASONIs

166 284 203 338 Te
214 296 324 353 quoque
334 277 475 334 turbatum
486 285 639 333 memorant
648 276 766 352 fugisse,
787 280 875 345 Boote‚
937 297 938 310 ¹

168 356 297 431 quamvis
307 354 401 410 tardus
412 370 472 410 eras
482 363 510 408 et
519 362 546 409 te
557 362 603 408 tua
614 351 738 426 plaustra
748 356 885 413 tenebant.
936 373 938 390 ¹

166 434 201 489 Ut
210 449 276 488 vero
286 440 372 486 terras
383 429 510 502 despexit
519 428 554 486 ab
565 428 675 485 aethere
685 446 796 486 summo

168 508 268 564 infelix
277 506 427 570 Phaethon,
439 506 551 577 penitus
563 505 732 578 penitusque
743 506 872 573 iacentes,

112 596 150 639 111
165 583 266 657 palluit
276 592 303 638 et
312 582 406 637 subito
415 598 507 655 genua
515 581 684 636 intremuere
695 582 805 648 timore,
937 597 938 600 ’

167 657 382 732 suntqueoculis
388 656 515 713 tenebrae
521 673 571 728 per
576 656 786 713 tantumlumen
797 656 911 715 obortae.

167 737 202 792 Et
211 737 266 790 iam
278 732 372 789 mallet
382 749 468 805 equos
480 749 623 805 nunquam
633 732 759 806 tetigisse
775 742 909 805 paternos:

170 814 224 867 iam
235 827 369 884 cognosse
380 825 469 884 genus
478 808 564 881 piget,
581 816 608 863 et
619 806 741 864 valuisse
752 808 885 883 rogando:

167 890 222 943 iam
233 886 353 959 Meropis
363 885 420 939 dici
430 885 556 957 cupiens,
569 884 606 938 ita
617 882 713 948 fertur,
726 891 758 940 ut
767 894 828 941 acta

112 976 151 1020 185
167 963 312 1036 praecipiti
323 961 406 1032 pinus
418 960 509 1024 borea,
521 959 568 1014 cui
578 959 651 1015 victa
661 960 769 1015 remisit

29 1042 32 1046 ’
169 1038 245 1093 irena
256 1055 324 1092 suus
335 1044 432 1101 rector,
445 1052 528 1107 quam
539 1034 583 1090 dis
593 1035 722 1108 votisque
732 1034 857 1109 reliquit.

168 1113 241 1181 Quid
251 1110 351 1167 iaciat?
360 1108 478 1167 Multum
489 1110 560 1167 coeli
571 1119 633 1183 post
643 1119 720 1186 terga
731 1109 869 1176 relictum,

168 1198 229 1245 ante
241 1186 335 1244 oculos
345 1187 409 1260 plus
420 1195 472 1242 est.
502 1186 602 1242 Animo
612 1187 726 1242 metitur
735 1195 896 1261 utrumque·

170 1273 197 1320 et
206 1264 298 1328 modo,
311 1279 381 1335 quos
393 1261 436 1317 illi
447 1261 502 1318 fato
513 1263 672 1336 contingere
683 1272 801 1329 nonest,

113 1354 152 1397 110
168 1341 302 1414 prospicit
311 1355 435 1403 occasus,
447 1337 587 1393 interdum
597 1338 711 1410 respicit
720 1346 808 1394 ortus.
931 1377 934 1383 -

170 1416 299 1488 Quidque
310 1415 391 1490 agati
432 1412 912 1486 arus‚stupet,etnecirenaremittit

171 1510 222 1548 nec
232 1493 350 1547 retinere
360 1509 395 1548 va
407 1498 442 1556 et,
455 1507 506 1544 nec
516 1489 627 1545 nomina
637 1490 741 1545 novite
782 1507 871 1547 orum.

170 1568 270 1641 Sparsa
280 1584 390 1640 quoquc
401 1567 430 1621 in
440 1566 517 1621 vario
528 1566 633 1639 passim
643 1565 749 1621 miracu
761 1583 776 1621 a
787 1565 864 1622 coelo
934 1564 937 1570 '

170 1652 366 1715 vastarumque
376 1641 454 1698 videt
463 1641 588 1713 trepidus
599 1639 748 1696 simulacra
760 1639 888 1698 ferarum.

115 1731 154 1775 115
207 1719 257 1773 Est
276 1716 366 1782 locus,
388 1718 418 1772 in
438 1717 564 1791 geminos
583 1716 633 1772 ubi
652 1716 767 1773 brachia
789 1722 915 1774 concavat

670 1809 751 1848 arcus

169 1869 310 1940 Scorpius,
323 1875 350 1923 et
360 1867 447 1924 cauda
456 1865 592 1940 flexisque
602 1867 744 1942 utrimque
754 1867 864 1925 lacertis

170 1945 288 2017 porrigit
297 1944 326 1998 in
338 1944 459 2017 spatium
470 1944 615 2018 signorum
623 1943 748 2000 membra
756 1944 884 2001 duorum.

172 2021 251 2075 Hunc
261 2036 331 2092 puer
340 2027 371 2074 ut
380 2019 455 2094 nigri
465 2018 609 2075 madidum
618 2019 719 2075 sudore
730 2021 833 2076 veneni

171 2094 286 2151 vulnera
297 2103 409 2149 curvata
419 2095 593 2151 minitantem
603 2095 720 2167 cuspide
731 2095 813 2161 vidit,

116 2184 156 2226 tuo
172 2172 271 2227 mentis
282 2172 362 2243 inops
373 2170 465 2243 gelida
476 2170 622 2225 formidine
632 2170 689 2227 lora
700 2172 817 2227 remisit.

171 2246 246 2314 Quae
257 2255 404 2319 postquam
414 2262 522 2302 summo
534 2262 645 2301 sensere
656 2247 773 2303 iacentia
782 2255 869 2322 tergo,

173 2323 362 2394 exspatiantur
372 2322 452 2394 equi,
465 2320 598 2393 nulloque
608 2321 752 2378 inhibente
763 2340 815 2394 per
824 2340 902 2379 auras

173 2401 282 2473 ignotae
293 2398 414 2472 regionis
425 2406 500 2463 eunt,
514 2412 624 2470 quaque
635 2398 757 2470 impetus
768 2400 836 2472 egit,

174 2475 225 2528 hac
237 2474 297 2527 sine
308 2473 369 2547 lege
379 2483 474 2540 ruunt,
487 2472 596 2545 altoque
607 2473 660 2528 sub
670 2474 781 2530 aethere
792 2473 857 2529 fixis

118 2562 157 2603 215
173 2552 316 2604 incursant
327 2548 425 2615 stellis,
439 2549 605 2622 rapiuntque
616 2567 666 2621 per
676 2550 738 2605 avia
749 2566 875 2605 currum.

173 2626 208 2679 Et
218 2623 298 2678 modo
309 2641 417 2680 summa
427 2634 533 2698 petunt,
548 2624 628 2680 modo
633 2625 921 2699 perdeciivavissqus

167 2700 339 2773 praecipites
350 2702 440 2774 spatio
450 2709 537 2756 terrae
548 2702 675 2774 propiore
685 2700 823 2759 feruntur.
