1876 3480
124 163 158 217 90
318 133 345 213 e.
365 146 495 216 ovrnnr
508 166 683 213 ussurus
742 195 745 199 ν

124 269 273 326 crescendo
282 269 363 344 iungi
373 268 702 342 pariterqueadolescere
711 277 815 335 cernet,

124 347 223 401 sicubi
234 345 383 418 complexu
393 346 520 401 coierunt
528 346 653 402 membra
663 346 765 412 tenaci,
819 405 822 409 ,

123 439 175 477 nec
184 422 240 478 duo
253 430 328 486 sunt,
341 430 368 476 et
378 420 465 477 forma
475 421 591 495 duplex,
602 438 658 477 nee
667 421 773 477 femina
783 421 839 478 diei

124 515 176 555 nec
185 516 256 571 puer
268 506 300 554 ut
315 498 416 571 possit3
433 506 663 628 neutrumquedet
673 497 867 573 utrumquevi·

441 618 449 628 ,
641 582 733 630 entur.

67 660 106 704 utu
120 650 194 724 Ergo
206 650 257 705 ubi
268 667 298 705 se
310 648 442 722 liquidas,
455 665 512 721 quo
520 648 566 704 vir
576 647 767 715 descenderat,
777 649 865 706 undet

9 747 12 752 ⁷
122 727 299 782 semimarem
307 724 409 782 fecisse
418 724 505 790 videt,
517 722 721 798 mollitaqnein
732 723 792 781 illis

122 803 255 867 membra,
267 819 367 858 manus
378 801 505 866 tendens,
516 800 566 856 sed
574 801 632 856 -inm
642 818 698 857 non
709 818 779 858 voce
786 800 867 865 virili1

34 884 37 889 ⁴
122 878 370 950 Hermaphroditus
381 879 432 934 ait:
447 875 840 944 ‘Natedate-mnneravestm,

123 963 152 1009 et
161 944 238 1025 pater
248 962 276 1010 et
284 955 416 1028 genitrix,
431 953 576 1008 amborum
589 970 690 1011 nomen
695 953 826 1010 babenti.

67 1038 107 1084 ³85
122 1028 257 1102 Quisquis
268 1031 298 1084 in
307 1030 359 1085 bos
371 1028 461 1086 fontes
470 1029 516 1086 vir
523 1030 642 1088 venerit.
655 1030 812 1086 eneat'inde

123 1106 249 1169 semivir,
262 1114 289 1160 et
298 1105 483 1162 tactiszsubito
493 1105 794 1164 mollesoaeinundis?

123 1183 213 1238 Motus
227 1190 344 1254 uterque
357 1198 458 1254 parens
468 1182 525 1237 nati
536 1191 593 1238 rata
600 1181 688 1238 verba
698 1181 827 1238 biformis

125 1256 200 1321 lecit,
213 1263 241 1312 et
252 1258 358 1313 incerto
368 1257 472 1313 fontem
485 1257 669 1314 medicamine
679 1258 794 1314 tinxlta-

161 1333 240 1390 Fini's
253 1332 413 1398 arseniotis,
428 1342 458 1389 et
466 1333 559 1390 adbuc
568 1335 690 1408 Minyeia
696 1332 795 1406 proles

18 1444 24 1458 i
68 1419 107 1464 390
121 1417 202 1484 urget
215 1409 862 1482 opus,spernitquedenmdestumquepmiamnt

125 1495 255 1560 tympana
268 1503 357 1559 quum
370 1486 464 1541 subito
474 1503 530 1541 non
538 1484 805 1558 apparentiareucis

124 1562 304 1632 obstrepuere
313 1562 399 1626 sonis,
410 1571 439 1617 et
451 1562 559 1617 adunco
570 1561 638 1617 tibia
649 1579 737 1618 cornu

124 1636 290 1710 tinnulaque
303 1646 474 1694 aerasonant
487 1646 514 1693 et
527 1636 603 1693 olent
611 1637 867 1712 myrrhaeqnecro

617 1730 717 1786 eique.

80 1854 85 1861 1
125 1787 236 1858 Resque
247 1786 407 1853 fidemaior‚
422 1805 538 1860 coepere
548 1790 687 1845 virescere
697 1789 780 1856 telae,

68 1873 108 1916 395
124 1863 211 1935 inque
222 1861 340 1919 hederae
351 1862 451 1920 faeiem
461 1865 586 1937 pendens
597 1865 776 1922 frondescere
781 1865 865 1922 vestis

124 1937 190 1995 Pars
199 1939 258 1994 abit
267 1939 298 1993 in
311 1939 393 2005 vites,
405 1950 433 1996 et
442 1958 515 2013 quae
525 1941 606 1997 modo
617 1941 663 1998 iila
673 1941 797 2006 fuerunt,

123 2014 238 2086 palmite
248 2023 403 2085 mutantur;
420 2016 457 2071 de
465 2017 584 2073 stamine
594 2019 747 2092 pampinus
757 2018 829 2075 exie:

124 2107 247 2163 purpura
258 2089 395 2165 fulgorem
406 2092 489 2164 pictis
499 2093 688 2151 accommodat
696 2096 775 2150 uvis.

124 2168 238 2240 Iamque
247 2166 308 2222 dies
317 2176 432 2223 exactus
442 2177 508 2234 erat,
519 2178 687 2245 tempusque
697 2170 821 2238 subibat,

69 2249 109 2296 luo
120 2244 195 2315 quod
208 2253 238 2300 tu
248 2261 300 2299 nec
309 2243 437 2300 tenebras
446 2262 498 2300 nec
508 2262 604 2318 posses
614 2247 709 2303 dicere
724 2246 826 2312 lucem,

124 2319 173 2374 sed
184 2337 248 2375 oum
259 2320 322 2377 luce
331 2329 424 2377 tamen
434 2320 538 2378 dubiae
547 2322 668 2379 confinia
678 2324 779 2379 noctis¹

126 2397 208 2452 Tecta
218 2405 331 2470 repente
341 2397 419 2470 quati
432 2399 609 2473 pinguesque
619 2399 716 2455 ardere
727 2399 859 2455 videntur

127 2470 267 2544 lampades
281 2482 309 2530 et
319 2473 413 2537 rutilis
422 2473 560 2530 collucere
574 2475 690 2549 ignibus
700 2475 794 2541 aedes,
820 2511 828 2519 ›

126 2545 250 2620 falsaque
260 2567 406 2606 saevarum
416 2550 564 2620 simulacra
575 2550 683 2611 ululare
694 2551 828 2608 ferorum.

69 2629 114 2676 lue
125 2623 241 2679 Fumida
254 2625 418 2682 iamdudum
429 2625 536 2683 latitant
544 2636 674 2700 peruecta
683 2645 803 2696 sorores,

124 2698 309 2775 diversaeque
318 2701 389 2760 loeis
399 2704 480 2780 ignes
492 2703 643 2760 solumina
651 2705 752 2762 vitant.
