1876 3480
121 146 173 205 ‘Bb
210 174 216 186 ·
310 153 338 198 Ρ.
358 152 488 201 ovum
506 152 675 199 NASONIS

120 259 165 314 Nil
179 263 296 330 prosuae
304 260 390 312 artes:
407 262 465 311 eret
474 250 806 312 immedicabilemlnus.

66 348 105 392 tto
120 330 155 391 Ut
165 335 189 389 si
200 334 265 406 quis
274 331 364 388 victas
372 332 397 387 ri
436 346 488 387 cve
498 342 634 404 papavera
644 333 675 386 in
687 330 777 396 horto.

123 411 238 482 liliaque
247 407 382 483 infringat
424 407 478 464 lvis
488 406 630 464 haerentia
641 407 740 483 virgis,

123 486 244 543 marcida
254 485 399 540 demittant
412 483 504 540 subito
515 491 598 556 caput
610 480 658 538 illa
667 488 832 559 gravatum.

124 580 175 618 nec
185 579 215 616 se
227 562 394 625 sustineant,
410 566 590 632 spectentque
600 558 746 615 cacumine
757 567 871 616 terram:

123 641 164 694 sic
174 638 269 693 vultus
282 637 401 692 moriens
412 636 492 701 iacet,
505 644 532 692 et
540 634 644 692 deiecta
656 636 754 711 vigore

69 727 107 772 100
123 718 182 787 ipsa
193 714 248 769 sihi
259 721 301 768 est
310 713 388 768 oneri
398 713 494 768 cervix
503 712 676 786 humeroque
686 706 836 767 recumbit.

120 791 255 854 ‘Laberis
268 787 410 852 Oebalide‚
423 789 512 860 prima
522 786 645 844 fraudate
653 786 788 852 instante,²

123 862 873 936 Phoebusait‚‘vldeoquetuum‚meacritnlna‚vulnus.

124 944 165 998 Tu
176 941 253 996 dolor
264 957 293 995 es
305 939 468 1012 facinusque
480 950 583 995 meum.
613 937 675 996 Mea
683 937 800 996 dextero
810 938 863 995 leto

123 1015 299 1073 inscribenda
310 1024 358 1071 tuo
371 1023 423 1071 est.
447 1016 505 1090 Ego
515 1028 578 1070 sum
590 1015 641 1071 tihi
652 1013 761 1071 iunctis
770 1022 873 1071 auctor.

68 1105 108 1149 200
122 1093 197 1160 Quae
208 1108 269 1148 mea
279 1090 361 1164 culpa
371 1090 483 1147 tament
495 1093 551 1147 nisi
564 1092 588 1146 si
600 1090 704 1147 lusisse
712 1090 806 1147 vocari

125 1168 205 1242 culpa
219 1176 317 1240 potest,
333 1168 388 1222 nisi
402 1167 484 1240 culpa
494 1176 584 1240 potest
594 1175 621 1223 et
630 1180 739 1222 amasso
755 1168 856 1224 vocari

124 1246 215 1317 Atque
227 1244 332 1299 utinam
343 1258 394 1316 pro
403 1250 429 1299 tc
440 1244 526 1300 vitam
539 1252 666 1299 tecumve
676 1242 774 1300 liceret

126 1319 254 1376 reddere!
275 1317 329 1374 Sed
340 1320 472 1392 quoniam
482 1319 557 1376 fatali
571 1319 632 1394 lege
643 1327 781 1384 tenemur,

127 1414 237 1469 semper
247 1397 303 1451 eris
311 1408 431 1460 mecum,
444 1397 615 1469 memorique
625 1393 755 1450 haerebis
766 1397 797 1450 io
807 1411 863 1451 ore.

70 1487 109 1529 205
125 1476 161 1529 Te
174 1470 230 1547 lyra
241 1470 322 1545 pulsa
333 1488 426 1535 manu,
438 1480 465 1527 00
475 1473 596 1528 carmina
607 1478 699 1527 nostra
708 1471 856 1536 sonabunt,

124 1548 229 1621 flosque
241 1564 329 1603 novus
340 1548 443 1619 scripto
453 1548 573 1621 gemitus
583 1546 728 1603 imitabere
741 1556 857 1604 nostros.

126 1629 246 1698 Tempus
257 1632 284 1680 et
294 1623 365 1678 illud
376 1625 436 1687 erit,
451 1640 507 1695 quo
517 1642 547 1679 00
558 1623 726 1679 fortissimus
739 1622 822 1679 beros

127 1700 208 1756 addat
218 1703 246 1754 in
258 1699 333 1754 hunc
342 1698 446 1763 florem,
463 1699 584 1772 folioque
596 1699 702 1773 legatur
715 1698 833 1755 eodem.³

126 1776 201 1831 Talia
211 1775 278 1830 dum
290 1793 354 1830 vero
366 1785 551 1831 memorantur
560 1773 698 1847 Apollinis
707 1791 766 1840 ore,

70 1865 110 1907 200
126 1868 288 1914 esseorum,
302 1852 350 1923 qui
363 1850 441 1906 fusus
452 1852 531 1907 humi
541 1852 698 1926 signaverat
708 1851 821 1916 herbas,

126 1929 229 1983 desinit
240 1944 300 1982 esse
310 1944 399 1990 cruor,
416 1924 554 2002 Tyrioque
564 1927 696 1982 nitentior
703 1936 781 1984 ostro

126 2005 174 2060 ilos
185 2005 280 2066 oritur,
295 2000 465 2075 formamque
476 2004 559 2076 capit,
571 2018 655 2076 quam
666 2001 736 2069 lilia,
750 2006 776 2059 01
787 2020 840 2058 non

126 2097 283 2153 purpureus
296 2077 370 2135 color
381 2079 435 2142 his,
448 2087 595 2154 argenteus
605 2086 678 2134 esset
687 2079 717 2134 in
728 2078 799 2135 illis.

126 2159 185 2211 Non
202 2155 268 2210 satis
285 2155 336 2210 hcc
347 2155 458 2210 Phoebo
472 2164 513 2211 000
526 2155 561 2228 (10
572 2156 647 2211 enim
656 2153 710 2211 tuit
720 2165 817 2212 auctor
830 2155 868 2209 he

620 2244 721 2288 noris:

72 2317 111 2361 200
127 2308 187 2378 ipse
198 2324 263 2362 suos
274 2308 394 2380 gemitus
406 2306 479 2362 loliis
491 2306 627 2372 inscribit,
644 2313 672 2362 et
683 2231 767 2364 ᾸΙΑΙ

127 2381 175 2437 llos
186 2382 269 2438 habet
279 2384 455 2454 inscriptum.
468 2382 632 2456 funestaque
642 2383 869 2440 litteraductaest.

128 2458 722 2534 Nec'genuissepudctSpartenHyocinthon;
735 2460 871 2531 honorque

129 2533 248 2587 duratio
262 2534 395 2599 11000001,
409 2534 629 2608 celebrandaque
638 2548 714 2592 more
724 2538 848 2609 priorum

128 2626 217 2663 annua
229 2609 347 2680 praelata
358 2612 474 2667 redeunt
483 2611 645 2684 Hyacinthia
658 2622 770 2684 pompa.

64 2694 110 2740 220
159 2683 563 2764 atsttooerogesteeunmm
572 2687 736 2743 Amathunta
747 2686 869 2749 metallis,
