1876 3480
163 167 215 223 tut
358 173 384 217 r.
405 144 721 219 ov1o11unsours
741 182 765 211 .-

348 361 505 422 LlBEll
541 359 727 420 NONUS.

57 508 64 519 ¹
166 489 248 564 Quae
261 497 381 571 gemitus
391 503 559 567 truncaeque
570 493 622 549 deo
631 472 791 566 Neptunius
804 493 879 551 horos

166 590 262 629 caussa
273 579 350 646 rogat
360 569 471 626 frontis:
493 587 580 641 quum
591 570 632 624 sic
647 567 816 642 Calydonius
825 568 903 624 amnis
918 562 927 583 ⁰

166 649 265 721 coepit,
280 649 419 702 inornatos
430 644 576 700 redimitus
586 643 723 700 arundine
733 643 837 700 crines:

166 723 269 780 »Triste
279 722 351 794 petis
362 737 479 776 munus:
491 719 556 791 quis
567 720 642 774 enim
652 735 702 774 sua
713 716 903 790 proeliarictus

112 813 124 854 5
166 813 378 855 commemorare
388 793 475 852 velit‘l
483 793 609 850 Referam
619 803 712 850 tamen
721 793 828 850 ordine.
840 820 843 825 ·
856 794 904 849 Not

661 878 718 925 lum

169 960 249 1021 turpe
260 947 313 1004 luit
323 947 408 1012 vinci,
420 963 504 1019 quam
514 944 688 1002 contendisse
698 944 887 1001 decorumest:

168 1040 322 1098 magnaque
332 1022 378 1078 dat
388 1021 468 1077 nobis
478 1029 571 1077 tantus
580 1019 677 1076 solatia
685 1020 786 1076 victor.

167 1100 284 1154 Nomine
295 1098 320 1152 si
330 1114 384 1170 qua
394 1113 445 1152 suo
455 1096 566 1152 tandem
576 1093 747 1168 pervenitad
757 1111 837 1152 aures

169 1174 295 1229 Deianira
305 1181 380 1228 tuas:
394 1171 532 1245 quondam
542 1170 730 1244 pulcherrima
740 1171 823 1244 virgo

115 1263 140 1305 to
168 1247 374 1320 multorumque
383 1245 436 1302 fuit
445 1264 510 1319 spes
519 1246 658 1302 invidiosa
668 1261 826 1318 procorum.

171 1325 240 1381 Cum
251 1322 354 1396 quibus
364 1330 395 1377 ut
404 1322 492 1377 soceri
502 1321 601 1377 domus
611 1329 654 1377 est
662 1321 762 1376 intrata
773 1320 861 1395 petiti,

168 1399 282 1471 ‘Accipe
292 1414 336 1453 me
346 1413 488 1472 generum,
500 1397 571 1462 dixi,
581 1396 733 1452 Porthaone
743 1394 832 1453 natel’
929 1400 932 1405 '

171 1476 246 1531 Dixit
255 1481 281 1529 et
290 1472 412 1529 Alcides.
442 1471 499 1527 Alii
509 1488 618 1527 cessere
628 1470 748 1526 duobus.

172 1549 221 1604 llle
231 1551 323 1605 lovem
334 1564 458 1603 socerum
469 1546 533 1603 dare
544 1564 584 1612 se,
595 1545 753 1619 famamque
764 1545 894 1610 laborum,

117 1637 142 1681 15
172 1634 199 1679 et
208 1632 335 1696 superata
345 1640 411 1679 suae
422 1621 556 1677 referebat
566 1623 642 1678 iussa
652 1639 798 1677 novercae.

171 1699 269 1755 Contra
280 1699 442 1772 ego‘Turpe
452 1697 535 1752 deum
547 1697 655 1752 mortali
665 1695 772 1760 cedere,
786 1697 846 1752 dixi

173 1772 305 1847 (nondum
323 1781 380 1828 erat
397 1772 445 1826 ille
467 1772 559 1845 deus);
592 1772 736 1827 dominum
760 1789 808 1826 me
830 1770 912 1827 cernis

666 1864 802 1918 aquarum

173 1922 302 1978 cursibus
313 1920 436 1994 obliquis
446 1922 517 1976 inter
527 1931 573 1976 tua
587 1939 671 1995 regna
681 1920 828 1978 fluentum.

173 2000 230 2054 Nec
240 2016 325 2072 gener
335 1997 455 2052 externis
466 1996 568 2068 hospes
578 1997 629 2051 tibi
639 1998 743 2052 missus
753 1997 790 2053 ab
800 1999 865 2061 oris,

117 2086 144 2129 uo
174 2073 224 2129 sed
234 2072 375 2145 popularis
387 2088 432 2126 ero
442 2080 469 2126 et
479 2088 570 2127 rerum
582 2089 646 2142 pars
656 2090 710 2127 una
721 2082 842 2128 tuarum.

175 2152 292 2205 Tantum
303 2164 338 2202 ne
349 2154 453 2210 noceat,
466 2145 540 2219 quod
551 2164 595 2201 me
608 2163 659 2203 nec
669 2147 746 2221 regia
756 2149 826 2203 luno

175 2224 243 2288 odit,
255 2232 282 2279 et
292 2223 383 2279 omnis
393 2221 471 2277 abest
481 2222 621 2276 iussorum
632 2239 719 2295 poena
732 2221 868 2278 laborum.

175 2302 254 2364 Nam,
267 2314 322 2371 quo
333 2306 359 2353 te
370 2298 463 2360 iactas,
474 2295 607 2352 Alcmena
617 2306 703 2352 matre
713 2306 847 2361 creatum,

175 2376 298 2446 luppiter
307 2381 354 2429 aut
363 2371 450 2428 falsus
460 2380 536 2443 pater
546 2379 596 2435 est,
608 2382 656 2427 aut
665 2373 783 2427 crimine
792 2389 884 2428 verus.

120 2461 146 2505 25
175 2451 269 2503 Matris
279 2448 413 2504 adulterio
424 2454 528 2518 patrem
540 2447 622 2518 potis.
652 2447 743 2521 Elige,
755 2448 851 2503 lictum

175 2540 235 2577 esse
246 2526 337 2579 lovem
348 2523 438 2586 malis,
454 2538 489 2576 au
499 2530 526 2576 te
532 2538 587 2594 per
595 2520 715 2577 dedecus
728 2521 838 2578 ortum?

176 2598 252 2653 Talia
262 2599 399 2654 dicentem
408 2596 571 2653 iamdudum
582 2597 687 2652 lumine
699 2607 779 2654 torvo

68 2712 163 2784 n
175 2681 290 2745 spectat,
303 2683 329 2730 et
339 2689 471 2731 accensae
481 2689 537 2728 non
547 2671 652 2728 fortiter
661 2674 779 2744 imperat
790 2673 856 2738 iras,
