1876 3480
156 157 204 213 172
331 161 360 208 P.
381 118 700 218 Qv1u11Nasurtts

151 282 251 339 magns
261 262 348 320 foret?
357 265 492 319 Noneum
502 271 658 330 contentus,
666 274 694 320 et
701 244 805 323 inanes
814 284 910 342 pugno

152 341 277 406 vulnera,
290 341 358 396 dum
367 357 469 395 consus
483 340 548 395 dare
559 358 604 396 me
614 358 665 413 pro
673 350 755 399 noete
764 344 912 416 paciscor:

96 425 135 472 rto
154 434 325 489 muneraque
334 416 464 490 augendo
473 415 585 472 tandem
596 415 724 474 dubitare
734 420 825 492 coe'gi.

153 492 298 549 Exclamo:
316 493 400 549 ‘Mala
410 500 523 565 pectora
537 491 645 567 detego,
662 502 753 550 tectus
763 493 875 553 adulter

153 587 235 625 verus
246 586 321 625 eram
335 570 452 624 coniux:
465 585 519 634 me,
532 567 647 641 perfide,
659 577 730 627 teste
740 569 867 627 teneris?

153 645 204 701 llla
215 644 301 701 nihil:
314 645 396 701 tacito
407 645 597 703 tantummodo
608 645 680 702 vieta
692 646 800 718 pudore

152 722 287 778 insidiosa
301 722 373 777 malo
384 739 449 777 cum
459 722 579 796 coniuge
591 720 791 797 liminalugit:

97 804 137 852 tte
152 797 312 871 offensaque
323 797 379 853 mei
388 815 479 871 genus
490 814 571 853 omne
581 814 679 870 perosa
690 799 817 854 virorum

155 874 297 930 montibus
308 873 425 938 errabat,
442 873 544 928 studiis
553 880 666 946 operata
674 875 789 931 Dianae.

156 953 226 1005 Tum
240 951 310 1005 mihi
321 949 429 1005 deserto
439 949 587 1006 violentior
596 951 672 1025 ignis
682 950 791 1007 adosse

156 1027 297 1098 pervenit:
310 1025 422 1082 orabam
432 1026 553 1091 veniam,
566 1035 593 1082 et
602 1043 734 1099 peccasse
743 1027 861 1094 fatebor,

156 1111 183 1157 et
193 1104 317 1174 potuisse
328 1101 400 1158 datis
410 1101 499 1157 simili
509 1102 693 1158 succumbere
701 1102 805 1176 eulpae

99 1190 140 1233 75⁰
156 1195 201 1233 me
212 1194 324 1251 quoque
334 1178 508 1244 muneribus,
524 1179 549 1234 si
559 1195 673 1234 munera
683 1187 759 1236 tanta
769 1180 908 1237 darentur.

156 1256 228 1310 llaec
240 1254 311 1308 mihi
320 1253 457 1319 confesso,
471 1254 577 1311 laesum
588 1255 667 1327 prius
678 1254 735 1312 ulta
747 1256 893 1328 pudorem,

157 1329 292 1396 redditur,
305 1338 333 1386 et
341 1329 438 1386 dulces
447 1330 620 1387 concorditer
631 1332 721 1404 exigit
730 1349 829 1388 annos.

157 1408 207 1462 Dat
216 1407 287 1462 mihi
299 1415 449 1479 praeterea,
460 1415 593 1480 tanquam
604 1424 634 1462 so
643 1424 729 1480 parva
739 1407 865 1464 dedisset

158 1483 238 1548 dona,
251 1500 349 1540 canem
359 1500 476 1539 munus:
490 1500 574 1556 quem
585 1501 674 1557 quum
684 1484 861 1541 sustraderet
870 1482 908 1540 illi

102 1569 142 1612 tte
158 1559 285 1633 Cynthia,
297 1558 453 1616 ‘Currendo
466 1560 619 1632 superabit,
632 1559 750 1625 dixerat,
763 1556 879 1617 omnes?

159 1637 208 1690 Dat
218 1634 303 1690 simul
315 1644 341 1690 et
354 1634 487 1700 iaculum,
500 1637 629 1691 manibus
640 1636 729 1707 quod,
743 1638 850 1702 cernis,
865 1637 908 1692 ha·

660 1711 771 1768 bemus.

158 1787 281 1840 Muneris
292 1785 406 1840 alterius
420 1789 540 1859 quaesit
553 1786 662 1843 fortuna
676 1788 818 1860 requiris?

160 1863 276 1934 Accipe:
290 1862 410 1916 mirandi
422 1865 544 1919 novitate
553 1864 702 1919 movebere
713 1864 789 1920 tacti.

161 1937 288 1993 Carmina
299 1937 415 1993 Laiades
426 1955 480 1994 non
492 1938 632 1995 intellecta
643 1940 770 2012 priorum

104 2025 144 2068 tto
160 2014 280 2069 solverat
291 2015 422 2088 ingeniis,
437 2023 463 2070 et
473 2016 653 2088 praecipitata
664 2016 781 2080 iacebat,

161 2091 306 2144 immemor
316 2091 475 2164 ambagum,
488 2100 565 2147 vates
575 2092 702 2156 obscura,
714 2110 838 2148 suarum.

162 2166 275 2249 Scilicq
284 2165 355 2222 alma
367 2167 480 2222 Themis
491 2185 543 2222 nec
553 2167 619 2224 talia
630 2167 713 2242 liquit
723 2168 822 2224 inulta.

161 2243 290 2298 Protinus
301 2242 397 2298 Aoniis
408 2244 533 2299 immissa
545 2253 587 2300 est
596 2243 680 2300 altera
690 2245 796 2301 Thebis

163 2320 259 2390 pestis,
272 2326 299 2373 et
309 2319 394 2374 exitio
405 2319 486 2374 multi
497 2336 686 2392 pecorumque
697 2336 804 2395 suoque

106 2404 145 2448 tte
161 2396 307 2468 rurigenae
318 2412 418 2467 pavere
429 2394 526 2450 feram.
557 2396 654 2451 Vicina
666 2397 798 2452 iuventus

163 2472 302 2535 venimus,
315 2480 342 2524 et
353 2470 421 2526 latos
433 2470 564 2544 indagine
578 2472 719 2526 cinximus
730 2488 821 2546 agros.

162 2545 211 2600 llla
222 2546 278 2601 levi
292 2546 371 2602 velox
380 2547 528 2620 superabat
539 2549 607 2603 retia
618 2546 699 2613 saltu,

165 2639 329 2694 summaque
341 2624 475 2680 transibat
485 2625 638 2696 positarum
648 2623 705 2680 lina
715 2621 871 2699 plagarum.

164 2696 268 2771 Copula
283 2697 438 2757 detrahitur
447 2699 576 2764 canibus,
590 2714 660 2772 quos
671 2697 720 2754 illa
731 2709 879 2772 sequentes
