1876 3480
126 134 173 189 ΗΞ
314 137 344 211 P.
366 136 492 185 ovum
509 137 680 184 NASONIS

124 242 220 295 »Fama
233 238 298 292 novi
309 236 392 293 fontis
403 246 508 293 nostras
519 240 646 311 pervenit
656 237 691 293 ad
701 255 792 307 aures,

124 315 191 368 dura
203 313 343 369 Medusaei
354 329 436 386 quem
446 314 585 384 praepetis
595 312 701 386 ungula
711 314 797 385 rupit.

122 390 148 443 le
159 389 229 442 mihi
241 405 337 443 caussa
349 389 422 443 viae:
440 387 516 442 volui
527 388 654 444 mirabile
665 388 769 451 factum

123 481 243 518 cernere.
274 458 338 518 Vidi
349 463 442 536 ipsum
452 472 574 519 materno
585 458 808 538 sanguine'nasci

67 551 107 594 lto
121 539 233 609 Excipit
243 539 357 593 Uranie:
380 536 580 610 »Quaecunque
594 546 636 593 est
646 555 743 608 caussa
758 536 812 595 vidr

124 614 174 668 bas
188 613 249 678 tibi,
263 612 337 677 diva,
351 611 456 677 domos,
470 613 562 668 animo
571 614 729 686 gratissima
741 622 812 669 nostr

122 689 192 743 Vera
205 697 295 743 tamen
309 687 379 742 lama
393 696 443 751 est,
459 697 486 742 et
495 688 616 761 Pegasus
627 688 712 757 hnips
725 689 803 762 origo

122 763 231 827 fontis«
242 771 269 818 et
279 763 313 831 ad
323 763 418 831 latices
428 761 544 818 deduxit
554 758 663 819 Pallada
674 780 777 831 sacros.

124 836 198 904 Quae
210 838 306 893 mirata
316 833 364 891 diu
376 836 459 892 lactas
470 837 550 909 pedis
562 837 664 893 ictibus
675 838 774 903 undas,

67 924 107 970 lto
123 914 257 968 silvarum
268 912 344 983 lucos
355 913 544 984 circumspicit
553 914 739 984 antiquarum,

124 997 265 1059 antraque,
279 996 305 1041 et
315 988 468 1061 innumeris
478 986 622 1042 distinctas
628 985 743 1042 lloribus
754 987 812 1042 herl

125 1062 277 1134 felicesque
287 1071 366 1117 vocat
375 1063 477 1133 pariter
486 1062 634 1133 studioque
649 1060 765 1135 locoque

122 1136 321 1195 Mnemonidas.
352 1136 440 1203 Quam
450 1138 492 1192 sic
502 1137 580 1192 allata
591 1146 632 1193 est
642 1154 697 1211 una
707 1154 812 1210 sororur

123 1212 169 1277 »0,
181 1212 236 1267 nisi
248 1221 273 1267 te
284 1210 372 1265 virtus
382 1228 464 1283 opera
475 1212 509 1267 ad
519 1212 621 1269 maiora
632 1208 751 1277 tulisset,

68 1298 109 1344 lto
123 1288 151 1342 in
166 1295 271 1358 partem
280 1294 395 1341 ventura
405 1287 481 1345 chori
492 1287 612 1359 Tritonia
622 1287 719 1349 nostri,

124 1379 188 1417 vera
199 1360 293 1424 refers,
311 1362 463 1433 meritoque
474 1362 574 1435 probas
584 1369 711 1433 artesque
723 1360 812 1419 locum

124 1446 152 1491 et
182 1446 266 1492 ratam
277 1445 386 1503 sortem,
399 1444 471 1491 tutae
482 1435 563 1501 modo
573 1434 671 1501 simus,
685 1436 812 1495 habemur

125 1454 197 1584 Sel(
201 1513 315 1593 vetitum
331 1520 372 1566 est
385 1510 452 1586 adeo
462 1511 561 1566 sceleri
572 1510 653 1584 nihil)
666 1504 759 1566 omnia
768 1519 812 1566 ter:

126 1588 265 1659 virgineas
274 1588 389 1650 mentes,
402 1585 535 1658 dirusque
546 1595 607 1659 ante
617 1602 663 1647 ora
673 1587 812 1660 Pyreneus

69 1673 109 1717 275
125 1664 248 1724 vertitur,
262 1669 288 1715 et
298 1660 371 1715 nond
393 1678 420 1725 m
430 1678 473 1716 me
484 1670 538 1717 tota
548 1669 638 1729 mente
649 1662 751 1732 recepi.

126 1735 220 1790 Daulia
233 1736 358 1790 Threicio
368 1679 529 1807 llboceaque
543 1734 631 1790 milite
642 1753 705 1790 rura

125 1818 233 1880 ceperat
243 1808 291 1875 ille
302 1808 388 1873 ferox,
400 1806 558 1885 iniustaque
568 1828 597 1867 re
618 1828 652 1879 qa
666 1811 784 1879 tenebat.

127 1884 239 1955 Templa
249 1884 411 1956 petebamus
421 1884 559 1941 Parnasia.
589 1828 780 1949 liditeuntes,

126 1967 272 2032 nostraque
285 1957 375 2015 fallaci
387 1968 531 2014 veneratus
541 1960 655 2016 numina
664 1959 758 2014 vultu:

71 2045 111 2091 lto
122 2034 322 2103 ‘Mnemonidas
333 2033 471 2109 (cognorat
481 2034 574 2108 enim),
588 2035 737 2107 consistite,
751 2033 811 2087 dixi

128 2127 178 2163 nec
191 2109 323 2173 dubitate,
336 2112 441 2180 precor,
457 2117 526 2163 tecto
536 2126 619 2183 grave
629 2108 707 2164 sidus
717 2118 744 2165 et
753 2107 812 2163 imb

126 2185 226 2257 (imber
235 2183 301 2257 erat)
312 2184 398 2238 vitare
410 2199 485 2237 meo:
502 2184 612 2238 subiere
628 2185 747 2240 minores

128 2277 210 2330 saepe
220 2277 297 2313 casas
307 2256 425 2329 Superi?
454 2258 540 2312 Dictis
550 2267 578 2312 et
587 2267 709 2329 tempore
720 2267 809 2315 motae

128 2335 333 2405 annuimusque
346 2334 406 2387 viro
415 2333 572 2405 primasque
584 2334 749 2387 intravimus
760 2331 811 2389 aed

72 2417 112 2463 285
126 2409 268 2462 Desierant
277 2408 390 2471 imbres,
403 2409 531 2479 victoque
542 2407 719 2479 aquilonibus
729 2416 812 2461 austrt

131 2480 206 2537 lusca
217 2490 363 2556 repurgato
377 2481 406 2536 fu
429 2483 519 2536 'ebant
530 2481 624 2536 nubila
635 2482 722 2537 coelo.

129 2558 249 2626 lmpetus
259 2557 300 2611 ire
311 2557 377 2612 luit:
393 2499 497 2611 clludit
506 2573 556 2611 sua
567 2565 635 2612 tecta
646 2557 796 2631 Pyreneus,

129 2632 242 2701 vimque
252 2641 337 2701 parat,
350 2649 432 2703 quam
443 2649 494 2689 nos
502 2631 602 2689 sumtis
613 2631 761 2705 effugimus
772 2630 809 2687 ali
