1876 3480
175 153 225 209 290
364 158 390 203 P.
411 158 540 203 ovibu
559 157 728 203 NASONIS

175 278 250 327 ossa3
264 276 314 313 uec
325 258 441 314 ulterius
454 258 518 313 dare
529 275 629 329 corpus
640 256 739 313 inutile
752 257 805 315 leto

119 342 158 389 315
174 343 220 390 aut
231 345 318 398 vacat,
331 344 377 389 aut
387 343 477 401 curat;
495 343 626 407 tergoque
636 334 763 389 Bianoris
773 334 821 401 alti

176 409 273 473 insilit,
288 409 359 464 haud
371 407 625 481 solitoquemquam
632 418 750 481 portare,
759 410 902 483 nisiipsun,

174 486 358 557 opposuitque
369 502 443 557 genu
454 485 546 548 costis,
560 501 746 557 prensamque
756 485 864 559 sinistra

175 562 321 615 caesariem
334 560 463 623 retinens,
477 561 586 633 vultum
600 560 814 633 minitantiaque
822 578 863 625 ora

175 637 271 692 robore
285 635 386 690 nodoso
397 636 531 707 praedura
552 652 586 690 us
598 643 721 709 tempora
732 632 826 710 fregit.¹

119 724 158 767 353
172 714 278 768 Robore
288 712 472 785 Nedymnum,
485 653 717 783 iacrllatoremque
730 712 849 841 Lycotae

174 789 279 851 sternit,
297 795 324 841 st
336 788 460 841 immissa
471 796 622 858 protectum
634 796 743 857 pectora
778 784 842 843 arba

175 866 324 936 Hippason,
338 871 364 917 et
374 862 492 917 summis
502 870 653 917 exstantem
662 862 773 934 Riphea
782 862 868 925 silvis,

174 940 323 1010 Tereaque,
340 938 497 993 Haemoniis
508 938 557 1010 qui
569 954 683 1008 prensos
694 938 836 995 montibus
846 952 907 993 333333

176 1016 245 1069 ferre
257 1015 369 1069 domum
380 1015 459 1070 vivos
470 1013 703 1087 indignantesque
714 1013 832 1071 solebat.

120 1104 158 1145 355
174 1090 252 1145 Haud
264 1090 326 1144 tulit
337 1098 458 1144 utentem
470 1106 579 1161 pugnae
590 1089 771 1145 successibus
782 1089 851 1147 ultra

176 1166 281 1220 Thesea
291 1165 452 1228 Demoleon,
467 1164 611 1236 solidoque
622 1164 758 1221 revellere
768 1166 852 1222 dumo

176 1259 306 1297 annosam
320 1242 417 1313 pinum
427 1257 527 1314 magno
538 1238 679 1295 molimine
691 1248 790 1309 tentat.

175 1317 254 1384 Quod
264 1317 388 1389 quianon
415 1308 494 1380 otult,
502 1314 680 1386 praefractam
691 1315 910 1381 misitinbosten.

175 1392 229 1448 Sed
240 1392 334 1465 procul
350 1334 428 1448 a'telo
440 1391 563 1448 Theseus
574 1393 704 1446 veniente
715 1394 832 1461 recessit

121 1480 160 1523 333
175 1468 301 1525 Pallados
314 1468 470 1524 admonitu:
483 1467 558 1522 credi
568 1467 610 1522 sic
620 1467 681 1538 ipse
696 1467 820 1524 volebat.

177 1547 236 1599 Non
249 1554 339 1599 tamen
350 1543 430 1599 arbor
441 1545 515 1598 iners
526 1542 639 1609 cecidit3
656 1560 720 1598 nam
732 1542 869 1600 Crantoris
876 1540 912 1597 alti

178 1620 398 1694 absciditiugulo
406 1629 556 1691 pectusque
564 1619 911 1690 humerumquesinisrruu.

176 1698 303 1769 Armiger
317 1695 364 1749 ille
379 1697 418 1749 tui
430 1694 517 1749 luerat
527 1695 668 1824 genitoris
680 1693 810 1751 Achille:

179 1790 261 1843 quem
272 1771 406 1843 Dolopum
418 1780 513 1834 rector,
547 1770 600 1824 ello
609 1780 768 1841 superatus,
781 1770 901 1845 Amyntor

123 1858 162 1901 355
177 1847 311 1902 Aeacidae
322 1847 434 1902 dederat
444 1846 520 1918 pacis
534 1847 693 1921 pignusque
705 1846 858 1920 fidemque.

179 1925 257 1978 Hunc
269 1921 364 1994 procul
375 1932 405 1978 ut
419 1921 498 1977 foedo
508 1920 655 1975 disiectum
665 1920 786 1977 vulnera
797 1922 888 1979 Peleus

179 1999 259 2062 vidit,
271 1998 317 2053 ‘At
330 1997 452 2062 inferias,
465 1999 599 2052 iuvenum
608 1996 771 2069 gratissima
782 1998 895 2059 Crantor,

179 2074 280 2147 accipe‘
293 2076 339 2137 ait,
353 2073 500 2146 validoque
511 2075 540 2127 in
551 2070 725 2128 Demoleonta
738 2072 841 2129 lacerto

182 2150 332 2205 fraxineam
344 2150 428 2213 misit,
445 2150 544 2203 mentis
556 2164 666 2220 quoque
677 2149 803 2214 viribus,
817 2148 916 2207 hastam,

124 2237 163 2279 tto
180 2245 250 2298 quae
261 2226 376 2281 laterum
387 2236 488 2281 cratem
499 2225 633 2296 perrupit,
647 2231 673 2279 et
682 2225 799 2279 ossibus
811 2225 913 2280 haerens

181 2304 333 2357 intremuit.
350 2301 445 2356 Trahit
455 2301 502 2355 ille
514 2317 596 2355 manu
607 2301 668 2353 sine
678 2300 801 2373 cuspide
813 2301 917 2377 lignum:

183 2378 522 2449 idquoquevixsequitur,
530 2375 918 2447 cuspispulmoneretentacst.

183 2455 242 2523 lpse
254 2454 330 2508 dolor
342 2453 414 2507 vires
425 2453 517 2507 animo
528 2451 621 2506 dabat:
636 2468 719 2525 aeger
730 2454 759 2506 in
771 2453 877 2508 hostem

183 2531 307 2601 origitur,
322 2528 495 2600 pedibusque
506 2529 596 2581 virum
609 2527 751 2598 proculcat
761 2529 881 2601 equinis.

127 2613 165 2655 375
182 2604 292 2675 chipit
303 2604 350 2658 ille
363 2605 433 2658 ictus
444 2604 522 2677 galea
534 2601 687 2676 clypeoque
698 2614 842 2667 sonantes,

184 2679 510 2753 defensatquehurueros,
518 2687 712 2751 praetentaque
720 2681 919 2737 sustiuetarma:
