1876 3480
160 177 174 229 1
349 181 377 226 P.
398 179 525 226 ovibu
543 179 711 226 NASONIS

158 282 248 338 sidera
257 289 407 353 coeperunt
416 288 471 336 toto
481 279 635 354 fulgescere
644 279 730 336 11111.

156 359 216 413 Neu
228 357 304 430 regio
313 355 382 412 11111
391 354 448 411 ulla
459 357 518 410 suis
527 355 695 411 animalibus
705 355 780 421 orba,

157 441 227 488 astra
238 439 331 487 tenent
340 432 459 488 11111111
469 431 559 486 solum
575 429 733 504 formaeque
743 431 867 495 deorum,

159 514 301 563 cesserunt
310 506 407 562 nitidis
417 505 583 562 habitandae
592 506 719 578 piscibus
731 506 830 571 undae,

102 597 128 639 75
160 592 231 638 terra
242 582 313 638 feras
324 583 412 654 cepit,
431 580 557 636 volucres
567 579 708 654 agitabilis
718 585 773 636 111.

159 659 287 714 Sanctius
298 657 343 712 his
352 656 455 712 animal
466 657 623 729 mentisque
637 658 766 728 capacius
777 657 847 712 altae

156 735 248 789 deerat
256 733 357 797 adhuc,
377 741 404 788 et
414 731 488 805 quod
499 731 634 788 dominari
645 733 674 787 in
685 740 790 787 caetera
802 741 904 805 posset.

157 812 243 865 Natus
256 809 338 864 homo
349 816 404 864 est:
417 808 477 862 sive
488 807 563 862 hune
572 806 669 863 divino
678 810 783 862 semine
795 806 861 863 fecit

156 884 205 939 ille
215 883 311 956 opifex
321 901 423 948 rerum,
435 881 533 938 mundi
545 880 668 937 melioris
678 884 770 957 origo,

102 973 127 1016 11
157 961 217 1016 sive
228 976 323 1014 recens
333 957 417 1014 tellus
428 958 597 1031 seductaque
608 975 697 1030 nuper
707 960 741 1014 ab
752 957 807 1014 alto

157 1035 267 1091 aethere
282 1035 391 1108 cognati
402 1034 537 1089 retinebat
546 1034 652 1089 semina
664 1033 744 1099 coeli,

160 1128 244 1184 quam
255 1120 331 1165 satus
342 1111 443 1181 lapeto,
456 1109 567 1164 mistam
578 1106 739 1165 fluvialibus
751 1109 843 1174 undis,

158 1186 239 1241 finxit
248 1187 277 1240 in
288 1184 410 1258 effigiem
419 1183 610 1240 moderantum
620 1194 719 1240 cuncta
730 1184 855 1240 deorum.

155 1263 298 1333 Pronaque
308 1278 395 1333 quum
408 1258 668 1333 spectentanimalia
679 1270 783 1316 caetera
794 1270 905 1325 terram,

102 1349 127 1391 85
156 1355 187 1393 os
197 1337 305 1392 homini
316 1334 438 1391 sublime
448 1335 538 1399 dedit,
556 1334 720 1409 coelumque
732 1335 826 1390 videre

157 1413 248 1477 iussit,
262 1422 288 1467 et
302 1419 405 1466 erectos
416 1411 452 1466 ad
461 1411 552 1466 sidera
563 1409 658 1466 1111111
671 1411 775 1467 vultus.

157 1487 212 1553 Sic,
220 1487 300 1544 modo
307 1505 378 1560 quae
384 1486 473 1542 fuerat
484 1486 561 1542 rudis
573 1494 599 1541 11
608 1487 669 1541 sine
680 1488 812 1560 imagine,
824 1486 907 1541 tellus

158 1563 249 1619 induit
260 1564 368 1637 ignotas
382 1562 528 1618 hominum
537 1579 668 1618 conversa
682 1563 795 1635 figuras.

193 1639 283 1694 Aurea
293 1639 382 1710 prima
392 1647 450 1694 sata
460 1646 502 1693 111
512 1645 595 1702 aetas,
607 1637 795 1711 quaevindice
808 1636 884 1705 nullo

102 1727 127 1768 11
156 1722 254 1786 sponte
264 1731 313 1768 sua
327 1713 388 1768 sine
399 1711 460 1787 lege
472 1712 555 1768 tidem
565 1722 725 1785 rectumque
736 1711 854 1768 colebat.

158 1791 248 1844 Poena
261 1797 408 1860 metusque
418 1789 544 1854 aberant,
562 1805 613 1844 nec
625 1789 707 1845 verba
720 1789 838 1843 minacia
854 1788 908 1843 fixo

159 1882 221 1920 aere
234 1862 411 1938 legebantur,
425 1882 477 1920 nec
487 1863 608 1937 supplex
618 1864 698 1920 turba
707 1865 822 1920 timebat

158 1940 260 1995 iudicis
269 1957 315 1994 ora
326 1940 384 2004 sui,
401 1939 536 1996 sederant
546 1940 607 1995 sine
618 1939 710 1995 iudice
722 1941 783 1994 tuti.

157 2015 286 2070 Nondum
296 2032 374 2070 caesa
384 2015 453 2080 11111,
460 2016 638 2090 peregrinum
651 2023 679 2071 ut
689 2016 790 2070 viseret
800 2015 905 2080 orbem,

102 2103 127 2147 11
157 2090 298 2146 montibus
309 2091 339 2145 in
351 2089 472 2161 liquidas
485 2090 570 2162 pinus
579 2090 758 2146 descenderat
771 2091 870 2156 undas,

158 2166 291 2239 nullaque
302 2163 430 2221 mortales
441 2172 548 2237 praeter
557 2184 607 2221 sua
618 2166 708 2221 littora
720 2175 826 2220 norant.

158 2242 287 2297 Nondum
298 2240 463 2313 praecipites
473 2241 623 2315 cingebant
631 2242 733 2313 oppida
744 2240 848 2296 fossae:

162 2335 216 2372 non
226 2317 292 2371 tuba
303 2316 410 2380 directi,
423 2333 477 2371 non
488 2317 559 2371 aeris
570 2333 671 2371 cornua
682 2315 757 2380 flexi,

159 2410 213 2448 non
224 2392 328 2465 galeae,
340 2409 394 2447 non
410 2392 485 2447 ensis
496 2401 563 2448 erat.
593 2389 658 2446 Sine
668 2391 768 2446 militis
780 2409 833 2446 usu

105 2480 143 2521 111
159 2469 252 2523 mollia
264 2484 376 2522 securae
389 2467 558 2541 peragebant
567 2467 621 2522 otia
631 2477 738 2540 gentes.

158 2545 219 2616 Ipsa
231 2560 341 2615 quoque
352 2543 486 2597 immunis
503 2552 644 2615 rastroque
660 2543 760 2597 intacta
775 2559 826 2595 nec
841 2540 908 2596 ullis

159 2619 251 2673 saucia
261 2618 421 2673 vomeribus
432 2636 482 2690 per
492 2636 522 2674 se
533 2617 615 2673 dabat
624 2619 717 2673 omnia
728 2618 825 2672 tellus:

150 2694 332 2764 contentique
342 2693 415 2749 cibis
425 2693 504 2751 nullo
513 2702 628 2770 cogente
637 2693 735 2749 creatis
