1876 3480
141 155 191 207 dii-i
334 160 360 203 P.
382 160 509 204 OVIDH
529 156 703 203 NASONIS

85 271 126 317 tto
142 264 201 316 visa
213 260 429 315 dedissesonum
440 269 490 320 est,
498 256 690 329 ‘adapertaque
702 260 786 314 ianua
797 258 892 315 iactum

143 336 275 409 prodidit.
305 334 467 390 Exclamant
479 332 584 395 famuli,
599 333 701 388 irustra
714 335 835 389 levatum

143 413 216 485 (nam
229 421 305 483 pater
317 410 464 483 occident)
476 410 597 463 referunt
608 409 642 463 ad
654 408 753 465 iimina
764 412 867 466 matris.

142 489 252 559 Accipit
264 485 310 541 iila
322 487 396 549 sinu,
410 486 609 556 complexaque
621 484 725 558 frigida
737 487 794 541 nati

144 563 475 633 memhrasui‚p0stquam
483 561 646 614 miserorum
659 561 745 616 verba
755 570 893 632 parentum

88 646 127 694 745
144 638 240 701 edidit,
254 647 280 692 et
290 646 408 692 matrum
420 638 581 690 miserarum
594 634 662 689 iacta
675 638 795 710 peregit,

146 714 241 769 funera
253 711 371 766 ducebat
385 712 503 766 mediam
516 711 659 765 lacrimosa
672 729 724 783 per
736 713 843 776 urbem.

146 788 292 859 luridaque
303 804 398 842 arsuro
410 787 533 859 portabat
544 786 666 841 membra
680 786 793 842 feretro.

146 867 225 920 Forte
237 864 298 917 viae
314 865 403 917 vicina
415 863 522 925 domus,
535 880 588 933 qua
600 860 705 917 flebitis
715 862 777 917 ibat

146 957 254 1011 pompa,
270 938 330 1002 iuit,
343 938 482 1009 duraeque
493 955 578 991 sonus
589 936 734 1010 plangoris
744 938 780 993 ad
792 956 867 993 auree

89 1026 129 1069 tta
146 1016 222 1069 venit
232 1014 408 1075 Anaxaretes¹
421 1031 503 1084 quarn
514 1014 569 1067 iarn
578 1012 648 1066 deus
660 1012 759 1068 ultore
781 1014 853 1068 ebat.

145 1092 214 1144 Mota
228 1098 327 1150 tamen,
340 1088 511 1150 ‘Videamus
523 1089 569 1150 ait,
582 1088 744 1143 miserabile
757 1030 861 1152 dinusss

148 1175 174 1219 et
189 1163 291 1236 patulis
302 1164 365 1218 iniit
375 1174 475 1218 tectum
487 1162 606 1217 sublime
618 1162 759 1219 fenestris.

147 1241 256 1310 Vixque
270 1239 338 1292 bene
356 1240 515 1311 impositum
531 1240 599 1294 lecto
611 1249 795 1310 prospexerat
804 1238 892 1311 Iphin:

146 1315 286 1387 diriguere
297 1314 384 1378 oculi,
397 1314 560 1387 calidusque
570 1332 584 1368 e
595 1331 710 1385 corpore
720 1316 836 1390 sanguis

92 1403 131 1444 755
147 1391 260 1445 inducto
272 1390 375 1461 pallore
386 1389 470 1462 fugin
487 1398 638 1461 conataque
649 1399 722 1445 retro

150 1467 220 1520 serre
232 1465 315 1536 pedes
330 1466 430 1531 haesit3
446 1475 540 1519 conata
550 1474 672 1519 avertere
684 1465 792 1529 vuitus,

151 1540 893 1612 liocquoquenonpotuit;pauiatimqueoecupatartus.

148 1616 222 1687 quod
235 1616 287 1669 suit
297 1617 323 1668 in
336 1616 405 1670 duro
417 1619 470 1669 iam
484 1615 589 1686 pridem
601 1625 711 1686 pectore
722 1633 831 1670 saxum.

149 1695 224 1745 Neve
236 1709 265 1744 ea
279 1691 338 1744 tiela
352 1702 441 1762 putes
454 1691 580 1744 dominae
592 1691 645 1744 sub
656 1693 780 1765 imagine
790 1693 894 1763 signum

93 1780 132 1820 itu
147 1776 238 1820 servat
258 1766 348 1820 adhue
368 1766 498 1833 Salamis3
522 1766 635 1820 Veneris
656 1784 770 1839 quoque
793 1765 895 1821 nemine

648 1841 786 1913 templum

150 1916 444 1988 Prospicientishabet.
463 1914 584 1982 Quorum
592 1915 894 1981 memor,0rnea‚ientes

153 2009 350 2062 pone‚p1·eeer,
365 1991 461 2053 fastus,
475 2002 501 2045 et
512 1993 612 2047 amanti
627 1993 752 2066 iungere,
770 1990 893 2065 nymphe.

150 2067 258 2120 Sicubi
271 2084 320 2120 nec
332 2084 447 2119 vernum
462 2068 600 2120 nascentia
613 2067 703 2140 frigus
715 2067 814 2122 adurat

152 2161 242 2212 perna,
257 2160 306 2195 nec
321 2143 461 2196 excutiant
472 2143 560 2212 rapidi
573 2141 694 2197 florentia
708 2143 811 2197 venti«

95 2229 134 2271 705
150 2220 221 2272 Haec
233 2218 280 2271 ubi
293 2217 480 2288 nequidquam
489 2217 588 2271 formas
598 2217 667 2271 deus
677 2227 760 2289 aptus
771 2219 799 2271 in
811 2230 894 2272 omnes

152 2293 247 2356 edidit,
263 2294 289 2347 in
304 2295 431 2346 iuvenem
444 2292 535 2354 rediit,
549 2302 575 2347 et
585 2292 668 2347 anilia
679 2291 768 2348 demit

153 2370 333 2422 instrumenta
346 2369 411 2429 sibi,
428 2367 545 2438 talisque
556 2368 684 2439 apparuit
698 2369 752 2432 itti,

152 2443 242 2512 qualis
257 2444 304 2496 ubi
317 2444 457 2514 oppositas
469 2442 634 2497 nitidissima
647 2442 715 2497 soiis
726 2445 819 2518 imago

152 2519 235 2572 evicit
247 2518 344 2579 nubes,
357 2517 488 2589 nullaque
499 2518 624 2573 obstante
636 2517 753 2586 reluxit3

96 2602 136 2643 ΠΟ
155 2592 266 2663 vimque
278 2603 366 2662 parat:
380 2593 428 2646 sed
441 2594 466 2646 vi
480 2611 533 2646 non
544 2603 586 2648 est
596 2611 676 2666 opus,
689 2594 776 2666 inque
789 2594 868 2668 figura

149 2676 228 2743 cepta
241 2667 286 2723 dei
301 2668 424 2745 nymphe
435 2679 487 2732 est,
501 2679 529 2722 et
537 2679 631 2723 mutua
643 2668 760 2724 vulnera
771 2670 862 2724 sensit.
