1876 3480
141 186 189 239 ⁴50
326 191 355 236 P.
375 188 504 238 ovum
521 134 692 237 NASONdS
735 188 739 195 ⁴

137 292 420 349 Etdabitantefidem:
433 309 585 367 togamque
595 290 741 348 infoedera
749 299 836 348 testes

37 434 40 439 Ι
138 367 837 444 essedeos.Quidtutailmesiriooiugereetomnem

138 446 212 518 pelle
222 462 337 502 moram.
369 445 432 501 Tibi
446 463 476 500 se
489 463 599 518 semper
609 445 722 501 debebit
733 446 824 509 lesen,

139 530 166 577 te
178 521 235 577 iaoe
247 521 365 578 soilenni
376 522 553 596 iungetsibi:
570 539 677 595 perque
686 520 817 597 Pelasgas

84 609 109 653 nt
139 600 275 654 servatrix
287 599 371 654 urbes
382 608 502 654 matrum
511 596 687 654 eelebrnbere
698 598 791 655 turba.

140 676 212 749 Ergo
221 693 274 749 ego
284 690 444 749 germanam
455 674 622 748 fratremque
632 683 797 748 patremque
811 673 889 730 deos·

282 785 284 789 ,
607 764 643 806 ue

142 837 168 882 et
179 827 269 882 natale
279 826 379 892 solum,
392 826 484 883 ventis
494 767 784 900 ahlreflrelinquamt

139 905 244 975 Nempe
250 912 441 974 patersaevus,
454 919 554 976 nempe
562 901 889 966 estmeaberbnratelius,

67 1006 70 1015 ·
143 978 443 1036 irateradhuoinfans:
458 980 851 1036 atentmeenmrotesnroria.

86 1067 111 1109 55
140 1054 888 1131 Maximusintrnmedensest.Nonmagnarelinquam3

143 1149 241 1205 magna
253 1149 363 1203 sequar.
395 1131 519 1189 Titulnm
530 1141 654 1189 servatae
664 1130 749 1205 pubis
758 1130 889 1196 Achivae,

104 1256 107 1261 a
142 1208 324 1280 notitiamque
334 1207 388 1263 looi
398 1208 532 1275 melioria,
544 1216 571 1265 et
583 1208 696 1282 oppida,
706 1225 830 1281 quorum

144 1285 311 1357 hicquoque
322 1282 495 1359 [enavigat.
511 1284 661 1358 cultusque
675 1292 807 1358 artesque
821 1284 892 1355 viro-

398 1380 400 1385 ·
640 1378 717 1417 rum:

142 1453 281 1509 quemque
292 1437 512 1510 egonnmmhun,
523 1445 673 1510 questotus
678 1436 892 1510 possidetorbis‚

88 1524 114 1568 tu
143 1513 298 1568 Aesoniden
310 1521 432 1570 mutasse
440 1513 541 1571 velim:
554 1530 610 1587 qno
620 1515 740 1588 coniuge
750 1510 832 1579 felix,

144 1599 171 1643 et
181 1589 224 1644 dis
235 1607 297 1645 cara
309 1589 388 1654 ferar,
401 1599 429 1647 et
440 1591 543 1647 vertice
553 1589 644 1646 sidero
656 1599 779 1664 tangam.

144 1664 227 1731 Quid,
239 1665 314 1737 quod
324 1667 474 1739 nescioqui
484 1665 585 1722 modiis
595 1682 759 1722 concurrere
770 1665 802 1722 in
813 1667 893 1723 undis

145 1741 275 1795 dicuntur
286 1751 403 1811 montes,
416 1743 578 1816 ratibusque
589 1743 702 1799 inimice
713 1741 872 1817 Charybdis

145 1835 218 1872 nuno
234 1818 343 1874 sorbere
363 1817 478 1887 fretum,
501 1837 576 1876 nune
595 1819 723 1885 reddere,
748 1820 895 1893 oinetaque

643 1913 735 1952 saevis

89 1983 114 2026 tt
142 1969 233 2045 Scylla
245 1970 838 2044 rapaxoanibusSiouinintroreproiundn‘?

143 2049 248 2121 Nempe
263 2056 359 2104 tenens
375 2047 450 2120 quod
464 2067 540 2116 emo,
565 2049 728 2181 gremliquue
745 2048 777 2104 in
792 2050 896 2106 [aeonis

678 2141 759 2180 erens

145 2218 193 2273 per
210 2199 277 2257 freta
294 2201 375 2276 longe
390 2199 492 2257 treber.
523 2201 600 2258 Nihil
615 2200 698 2275 illum
717 2201 849 2274 amplexa
862 2201 897 2257 ti-

642 2277 739 2334 mebo:

144 2362 200 2418 aut,
213 2354 238 2407 si
248 2352 317 2427 quid
327 2363 458 2420 metuam,
469 2361 591 2410 metuam
600 2354 636 2410 de
645 2355 765 2429 eoninge
775 2353 847 2411 solo.

147 2429 351 2503 Coniugiumne
361 2438 452 2503 putes,
464 2431 646 2504 speciosaque
657 2433 770 2486 nomina
779 2431 881 2503 oulpaa

91 2515 117 2558 tu
147 2506 277 2578 imponis,
289 2506 394 2572 Medea,
406 2505 488 2564 tuae?
506 2505 581 2574 Quin
591 2506 714 2580 adspice,
727 2516 865 2580 quantum

148 2582 307 2655 aggrediare
319 2584 405 2650 nefas,
419 2593 446 2641 et
455 2583 523 2640 dum
533 2581 608 2649 lieet,
624 2583 716 2658 effuge
727 2584 862 2639 orimena

142 2659 227 2722 Dixit,
245 2667 271 2712 et
281 2668 342 2715 ante
352 2660 447 2718 oeulos
457 2669 563 2717 rectum
574 2660 720 2733 pietasque
729 2659 878 2732 pudorque

135 2736 332 2806 constiterunt,
344 2747 372 2797 et
384 2739 461 2800 vieta
471 2736 622 2797 dabatiem
627 2734 833 2810 terqeffiupido.
905 2752 909 2759 ·
