1876 3480
120 152 170 206 382
297 156 340 226 ¹12.
359 114 488 201 tivum
506 153 682 199 NASONIS

121 261 200 332 signa
212 266 302 312 tamen
315 254 405 310 luctus
416 253 482 309 dant
492 253 567 308 haud
578 254 685 309 incerta
698 253 803 310 futuri.

120 335 202 389 Arma
215 332 306 386 lerunt
316 332 387 384 inter
400 331 492 401 nigras
503 329 669 400 crepitantia
679 330 775 385 nubes

122 407 316 478 terribilesque
328 405 408 461 tubas
418 405 565 475 auditaque
576 420 683 459 cornua
694 404 777 461 coelo

65 495 104 539 785
119 483 326 556 praemonuisse
338 480 424 534 nelas.
457 478 529 533 Solis
539 496 653 550 quoque
664 481 757 536 tristis
770 483 862 556 imago

123 558 212 615 lurida
224 556 352 611 sollicitis
366 554 514 627 praebebat
525 552 630 608 lumina
643 556 741 610 terris.

120 634 207 704 Saepe
219 631 292 686 laces
303 632 378 685 visae
391 630 490 684 mediis
500 628 595 683 ardere
605 629 661 684 sub
673 632 775 686 astris:

120 726 202 780 saepe
217 709 287 761 inter
299 706 407 759 nimbos
418 714 510 776 guttae
520 704 647 758 cecidere
662 716 810 763 cruentae.

121 781 253 840 Caerulus
265 791 291 836 et
302 781 408 835 vultum
420 780 559 852 ferrugine
569 779 684 834 Lucifer
695 789 756 836 atra

65 871 104 914 tec
119 875 233 929 sparsus
243 866 308 919 erat,
321 856 409 926 sparsi
422 857 529 909 lunares
540 855 680 928 sanguine
691 873 807 911 currus.

122 933 221 989 Tristia
232 931 309 985 mille
322 931 389 984 locis
399 930 512 1002 Stygius
523 929 599 984 dedit
608 931 704 984 omina
718 931 812 988 bubo:

122 1007 198 1062 mille
211 1007 277 1061 locis
290 1006 442 1060 lacrimavit
452 1005 530 1068 ebur,
546 1014 701 1077 cantusque
714 1005 843 1063 feruntur

122 1082 209 1138 auditi
221 1082 323 1135 sanctis
333 1090 359 1134 et
372 1080 453 1134 verba
464 1080 596 1134 minantia
608 1078 692 1134 lucis.

121 1157 238 1212 Victima
251 1155 325 1209 nulla
340 1155 407 1218 litat,
419 1172 589 1227 magnosque
600 1155 705 1209 instare
717 1155 854 1211 turnultus

66 1244 105 1294 tat
121 1232 188 1286 libra
199 1240 304 1292 monet,
322 1247 489 1300 caesumque
500 1239 583 1301 caput
594 1231 736 1301 reperitur
752 1232 781 1285 in
794 1233 873 1286 extis.

123 1308 208 1377 lnque
221 1304 277 1358 loro
288 1307 449 1376 circumque
459 1305 554 1358 domos
565 1312 592 1358 et
603 1304 707 1376 templa
719 1305 836 1361 deorum

123 1389 270 1436 nocturnos
281 1379 402 1434 ululasse
413 1397 508 1442 canes,
524 1379 694 1451 umbrasque
705 1380 840 1436 silentum

123 1457 259 1512 erravisse
271 1455 370 1518 ferunt,
383 1464 539 1525 motamque
550 1455 719 1509 tremoribus
729 1456 838 1511 urbem.

122 1534 181 1586 Non
193 1540 282 1585 tamen
295 1530 410 1583 insidias
423 1539 592 1600 venturaque
603 1530 717 1583 vincere
730 1530 784 1586 fata

66 1618 105 1659 tou
122 1606 307 1677 praemonitus
320 1615 431 1674 potuere
443 1605 535 1666 deum,
553 1605 699 1676 strictique
712 1604 839 1661 feruntur

121 1683 149 1735 in
162 1680 294 1753 templum
306 1679 407 1750 gladii:
424 1680 592 1749 nequeenim
600 1677 873 1736 locusullusinUrba

122 1756 156 1809 ad
172 1755 277 1809 lacinus
288 1755 432 1825 diramque
444 1755 541 1825 placet,
555 1755 609 1807 nisi
622 1753 715 1818 Curia,
729 1756 852 1811 caedem.

122 1833 192 1885 Tum
205 1848 268 1883 vero
278 1829 409 1901 Cytherea
423 1847 503 1882 manu
515 1829 651 1898 percussit
662 1839 782 1902 utraque

123 1915 233 1976 pectus:
246 1913 272 1957 ct
283 1905 401 1958 aetheria
415 1904 526 1958 molitur
536 1903 653 1957 condere
665 1906 752 1969 nube,

66 1991 104 2032 805
120 1997 173 2050 qua
186 1981 263 2049 prius
275 1979 373 2033 infesto
385 1981 459 2033 Paris
470 1988 511 2032 est
521 1988 632 2049 ereptus
644 1979 767 2045 Atridae,

122 2064 148 2108 et
158 2053 318 2107 Diomedeos
329 2055 433 2108 Aeneas
446 2054 551 2125 ingerat
561 2071 652 2107 enses.

122 2128 236 2182 Talibus
248 2129 317 2182 banc
328 2132 449 2201 genitor:
467 2128 540 2182 »Sola
553 2128 745 2198 insuperabile
759 2129 853 2192 latum,

122 2213 192 2266 nata,
206 2221 316 2258 movere
328 2203 425 2273 paros‘?
440 2205 525 2257 lntres
536 2203 600 2256 licet
613 2204 673 2272 ipsa
685 2221 814 2260 sororum

122 2288 191 2332 tecta
203 2279 298 2332 trium!
315 2295 409 2331 cernes
423 2277 482 2331 illic
492 2277 633 2331 molimine
645 2287 725 2332 vasto

66 2363 104 2406 tlt
120 2371 155 2407 ex
165 2370 227 2408 aere
240 2363 266 2408 et
276 2352 364 2407 solido
376 2371 464 2407 rerum
478 2352 610 2407 tabularia
623 2351 703 2416 ferro,

122 2444 192 2499 quae
205 2445 464 2498 nequeconcursum
471 2428 550 2491 coeli,
563 2443 651 2498 neque
659 2426 869 2491 fulminisiram.

122 2519 173 2556 nec
184 2512 310 2557 metuunt
323 2503 393 2557 ullas
406 2512 462 2557 tuta
476 2511 558 2573 atque
569 2511 677 2557 aeterna
689 2504 798 2558 ruinas.

121 2578 249 2630 lnvenies
261 2577 319 2631 illic
330 2578 436 2631 inclusa
448 2578 589 2632 adamante
601 2579 716 2648 perenni

117 2649 172 2707 lata
185 2652 224 2708 tui
236 2653 362 2728 generis:
380 2652 437 2726 legi
447 2653 506 2725 ipse
516 2653 663 2723 animoque
674 2655 771 2709 notavi
