1876 3480
127 150 174 207 ⁴20
312 155 340 199 P.
360 153 489 202 ovum
506 152 676 200 NASONIS

123 256 243 329 “Proque
254 273 315 312 meo
327 255 390 312 veni
404 252 524 328 supplex
534 254 595 320 tihi,
612 255 746 328 Iuppiter,-
760 254 856 328 inquit

68 346 107 388 515
123 333 268 406 sanguine,
281 349 386 405 proque
397 339 454 388 tuo.
489 330 519 386 Si
530 329 607 387 nulla
618 338 660 386 est
669 331 758 404 gratia
769 332 856 405 matria

125 417 187 464 nata
198 417 304 480 patrem
315 415 436 464 moveat:
453 423 508 462 neu
521 407 557 461 sit
566 406 619 462 tibi
630 423 705 472 cura,
718 422 856 478 precamn:

126 483 205 541 vilior
218 483 305 549 illius,
318 483 393 556 quod
403 491 496 539 nostro
507 491 548 539 est
558 482 631 538 edita
641 490 732 556 partu.

122 561 164 616 En
175 561 299 632 quaesita
310 559 359 615 diu
369 559 480 616 tandem
490 557 561 614 mihi
571 567 633 614 nata
644 566 752 630 reperta
762 565 819 613 est:

123 636 147 691 si
158 637 277 708 reperire
289 653 379 700 vocas,
392 635 517 690 amittere
527 635 639 698 certiuS,
652 642 700 690 aut
710 635 735 688 si
819 690 823 697 ,

68 722 107 766 520
122 713 203 776 scire,
211 711 312 776 ubisit,
320 729 348 766 re
370 711 538 767 erirevocas.
557 707 856 781 Quodrapta,feremus

124 786 327 842 dummodored
348 784 856 858 ateam:nequeenimpraedonemarit

124 862 181 918 filia
192 862 276 937 digna
287 871 334 918 tua
345 871 399 931 est;
413 863 438 918 si
448 863 504 917 iam
515 879 575 917 mea
586 861 643 916 tilia
654 860 739 934 digna
753 858 823 916 est.»

122 939 247 1012 Iuppiter
258 940 380 1012 excepit:
394 935 559 993 “Commune
570 944 612 992 est
621 939 725 1011 pignus
736 953 856 1009 cnusqm

123 1023 186 1069 nata
196 1013 267 1069 mihi
280 1024 386 1069 tecum:
399 1011 449 1068 sed
462 1014 486 1068 si
498 1013 579 1069 modo
590 1013 702 1068 nomina
713 1013 798 1068 rebus

68 1099 107 1144 525
123 1089 224 1145 addere
234 1106 299 1145 vera
310 1089 408 1163 placet,
421 1106 476 1145 non
487 1088 540 1144 hoc
551 1089 654 1144 iniuria
666 1088 780 1153 factum,

123 1172 361 1221 verumamorest:
375 1182 465 1238 neque
471 1164 609 1221 eritncbis
614 1162 754 1238 gencrille
765 1162 856 1236 pudor

124 1249 155 1295 tu
166 1240 256 1306 modo,
269 1240 343 1307 diva,
358 1239 437 1296 velis.
466 1240 502 1296 Ut
511 1240 602 1296 desint
612 1248 727 1305 caetera,
741 1249 856 1312 quantur

622 1324 664 1372 est

123 1408 184 1448 esse
194 1392 268 1448 lovis
279 1389 404 1448 fratrem!
416 1389 491 1458 Quid
501 1390 576 1464 quod
587 1408 638 1446 nec
647 1398 754 1446 caetera
764 1389 855 1446 desun

124 1483 175 1523 nec
186 1467 260 1523 cedit
272 1467 328 1522 nisi
338 1476 409 1523 sorte
419 1464 509 1522 mihi?
525 1464 579 1521 Sed
590 1474 664 1522 tanta
674 1464 777 1538 cupido

68 1553 107 1598 555
121 1543 146 1599 si
157 1543 208 1598 tihi
219 1541 331 1599 discidii
342 1550 394 1608 est,
407 1551 511 1615 repetet
519 1543 684 1615 Proserpina
695 1541 815 1607 coelum,

124 1616 185 1692 lege
196 1628 287 1674 tamen
298 1627 381 1683 certa,
394 1618 418 1673 si
429 1617 521 1673 nullos
532 1619 649 1692 contigit
658 1617 719 1672 illic

123 1712 170 1750 ere
181 1695 272 1750 cibos:
285 1711 349 1749 nam
360 1694 554 1750 sicParcarum
565 1692 675 1749 foedere
686 1701 800 1749 cautum
812 1702 854 1749 est

160 1769 284 1825 Dixerat:
297 1779 324 1824 at
334 1769 427 1825 Cereri
437 1779 543 1825 certum
554 1779 596 1824 est
606 1768 723 1824 educere
734 1778 839 1825 natam.

123 1845 182 1900 Non
194 1846 231 1900 ita
242 1844 295 1901 iata
307 1846 411 1910 sinunt,
429 1846 560 1918 quoniam
571 1845 676 1900 ieiunia
689 1846 767 1919 virgo

69 1930 108 1975 555
124 1920 243 1977 solverat
252 1929 279 1975 et
289 1919 372 1976 cultis
383 1921 450 1976 dum
461 1921 582 1993 simplex
593 1929 664 1976 errat
674 1921 704 1975 in
715 1921 814 1984 hortis,

125 1997 276 2069 puniceum
287 2014 371 2052 curva
382 1995 557 2069 decerpserat
567 1997 664 2052 arbore
675 2013 801 2068 pomum,

124 2081 271 2144 sumteque
282 2072 396 2144 pallenti
407 2080 514 2144 septem
525 2073 559 2127 de
570 2073 671 2127 cortice
685 2089 770 2144 grana

122 2156 260 2220 presserat
270 2164 316 2203 ore
327 2164 391 2203 suo:
408 2147 541 2220 solusque
553 2165 588 2203 ex
598 2147 729 2204 omnibus
741 2146 814 2202 iliud

124 2221 297 2295 Ascalaphus
303 2223 382 2287 vidit,
391 2240 474 2295 quem
485 2222 625 2296 quondam
637 2223 742 2277 dicitnr
751 2222 856 2294 Orphne

69 2304 108 2352 tit
123 2299 195 2354 inter
207 2297 358 2355 Avernales
373 2298 446 2354 haud
456 2299 631 2374 ignotissima
642 2299 791 2371 nymphas,

125 2391 160 2428 ex
168 2372 322 2430 Acheronte
332 2390 383 2430 suo
393 2372 483 2432 furvis
494 2375 635 2447 peperisse
646 2374 700 2428 suh
711 2375 809 2429 antris.

123 2447 209 2513 Vidit,
221 2458 248 2505 et
257 2449 361 2505 indicio
375 2450 495 2505 reditum
505 2448 627 2504 crudelis
639 2449 753 2504 ademit.

124 2525 262 2598 Ingemuit
272 2526 368 2600 regina
378 2525 471 2590 Erebi,
488 2533 641 2598 testemque
653 2523 798 2596 profanam

124 2598 191 2655 fecit
208 2616 303 2666 avem,
332 2619 518 2674 sparsumque
543 2609 626 2672 caput
646 2597 856 2673 Phlegethontid

623 2674 736 2750 lympha
