1876 3480
136 159 169 214 40
324 162 352 207 Ρ.
373 159 502 208 0v1n11
520 158 689 205 NASONIS

79 274 118 321 tau
133 273 160 321 et
170 265 225 320 sibi
235 261 367 337 praeferri
377 278 407 318 se
417 260 528 336 gaudet,
542 267 569 317 et
578 258 673 316 oscula
684 260 776 336 iungit

135 357 186 396 nec
196 338 332 395 moderata
343 339 424 403 satis,
441 354 491 392 nec
501 336 543 392 sic
553 354 568 392 a
579 336 687 410 virgine
698 336 798 392 danda.

136 415 195 484 Qua
206 423 303 471 venata
314 414 384 469 foret
393 412 474 479 silva,
487 429 597 468 narrare
607 422 748 484 parantem

133 490 250 564 impedit
259 489 404 562 amplexu:
421 505 472 545 uec
482 506 512 544 se
523 488 583 543 sine
594 489 710 543 crimine
722 487 824 561 prodit.

135 563 883 639 illaquidemccntra‚quantummodofemiuaposset-

33 638 35 643 ’
77 651 117 700 itt
133 643 291 715 adspiceres
302 643 417 707 utinam,
430 640 566 705 Saturnia,
580 640 672 694 mitior
683 640 772 695 esses!
785 671 824 682 -

134 719 181 775 ilfa
193 718 307 791 quidem
317 724 435 792 pugnat:
458 716 507 771 sed
518 732 589 787 quae
599 731 729 787 superare
740 715 843 788 puelia,

134 790 883 868 quisveIovempoterat‘fSuperumpetitaetheravictcr

134 870 271 942 Iuppiter:
289 869 355 923 huic
369 869 432 924 odic
443 884 541 923 nemus
552 875 594 923 est
603 874 630 922 et
640 867 750 921 conscia
761 866 843 922 silva.

135 944 212 1001 Unde
222 943 321 1016 pedem
332 943 455 999 referens
466 960 553 1015 paene
563 950 606 997 est
616 941 700 997 oblita
712 942 868 1013 pharetram

78 1026 118 1075 tto
133 1019 228 1076 taffere
238 1036 302 1074 cum
313 1018 375 1073 telis
387 1027 414 1075 et
424 1035 507 1091 quem
518 1016 700 1089 suspenderat
710 1035 815 1072 arcum.
856 1035 860 1040 ’

171 1096 242 1150 Ecce
253 1112 303 1149 suo
314 1095 440 1150 comitata
451 1093 534 1149 choro
544 1094 677 1167 Dictynna
689 1110 738 1164 per
748 1091 835 1148 altum

133 1168 275 1228 Maenalon
285 1169 445 1244 ingrediens
456 1177 483 1225 et
492 1168 575 1224 caede
586 1169 705 1241 superba
715 1168 837 1224 ferarum

135 1244 253 1317 adspicit
263 1244 343 1310 hanc,
360 1244 505 1317 visamque
515 1252 604 1299 vocat.
637 1243 757 1300 Clamata
768 1245 881 1319 refugit,

134 1330 161 1377 et
171 1321 263 1376 timuit
274 1321 372 1392 primo,
385 1337 419 1374 ne
430 1321 554 1393 luppiter
563 1327 636 1375 esset
646 1320 675 1374 in
687 1319 745 1375 ilfa.

76 1403 116 1451 445
131 1395 186 1452 Sed
195 1404 342 1468 postquam
352 1396 454 1468 pariter
464 1395 600 1470 nymphas
611 1394 738 1450 incedere
748 1396 829 1461 vidit,

132 1473 220 1527 sensit
243 1472 340 1528 abesse
365 1470 456 1538 dolos,
483 1488 685 1543 numerumque
706 1472 824 1527 accessit
848 1472 883 1528 ad

633 1547 741 1602 harum.

132 1623 190 1677 Heu
201 1638 285 1693 quam
295 1621 410 1676 difficile
420 1630 471 1686 est,
484 1622 588 1678 crimen
599 1639 653 1677 non
664 1622 779 1694 prodere
785 1622 879 1679 vultui

133 1697 187 1752 Vix
196 1695 291 1752 ccufos
301 1695 400 1751 attollit
411 1696 505 1760 humo,
517 1714 577 1763 uec,
594 1706 625 1752 ut
635 1706 696 1753 ante
708 1698 823 1764 solebat,

134 1773 226 1826 iuncta
237 1771 303 1826 deae
315 1769 402 1836 lateri,
415 1788 465 1826 nec
476 1779 531 1828 tote
541 1780 583 1828 est
592 1773 702 1847 agmine
714 1775 818 1845 prima:

20 1858 58 1865 ““
73 1855 116 1904 tat
131 1847 179 1903 sed
191 1845 255 1902 silet
264 1854 291 1902 et
301 1846 368 1902 laesi
379 1847 425 1903 dat
433 1848 515 1921 signa
525 1849 625 1903 rubore
636 1849 761 1921 pudoris.

131 1925 174 1987 Et,
187 1923 242 1978 uisi
254 1922 327 1996 quod
338 1924 418 1997 virgo
428 1931 478 1988 est,
495 1932 600 1995 poterat
609 1925 711 1979 sentire
721 1925 805 1981 Diana

131 1996 209 2054 mille
219 2000 290 2054 uotis
300 1996 422 2070 culpam.
452 1999 596 2074 Nymphae
610 2001 731 2056 sensisse
743 1999 879 2057 feruntur.

133 2073 205 2130 Orbe
215 2074 395 2146 resurgebant
405 2074 511 2130 lunaria
522 2092 623 2132 cornua
634 2093 715 2141 nouo,

132 2166 220 2222 quum
231 2148 281 2205 dea
292 2150 427 2213 venatrix,
440 2149 567 2205 fraternis
579 2150 709 2224 languida
720 2149 849 2217 flammis,

75 2230 116 2278 455
132 2234 210 2280 nacta
220 2224 881 2300 nemusgelidum‚dequocummurmurelabens

134 2299 192 2355 ibat
202 2308 229 2355 et
238 2301 343 2357 attritas
352 2300 480 2357 versabat
489 2302 567 2357 rivus
578 2319 683 2358 arenas.

133 2374 168 2429 Ut
179 2373 238 2430 loca
249 2375 380 2442 feudavit,
397 2393 519 2432 summas
530 2377 599 2449 pede
610 2379 727 2451 contigit
737 2377 836 2433 undas.

54 2482 57 2487 ·
131 2450 180 2506 His
200 2467 311 2523 quoque
332 2451 463 2508 laudatis:
495 2452 607 2508 »Procul
627 2460 682 2517 est,
704 2453 755 2517 ait,
778 2453 881 2509 arbiter

629 2545 733 2582 omnus:

157 2599 204 2686 „dp
216 2600 371 2673 superfusis
381 2603 522 2676 tingamus
531 2620 643 2676 corpora
655 2603 803 2678 lymphis«

94 2713 138 2758 m
149 2670 274 2760 pffliss
285 2676 405 2733 erubuit.
436 2679 555 2736 Cunctae
566 2678 701 2735 velamina
714 2688 834 2751 ponunt:

262 2856 332 2952 sd
