1876 3480
196 175 244 231 l26
387 179 415 225 P.
436 178 565 226 ov1n11
583 177 753 226 NASONIS

191 281 256 340 Sive
267 281 365 337 rudem
375 280 480 354 primos
491 279 582 336 lanam
592 279 765 354 glomerabat
775 282 806 338 iu
815 282 876 339 orbo

136 372 163 418 tt
192 377 242 416 seu
253 358 351 432 digitis
361 357 510 432 subigebat
520 374 601 430 opus,
614 358 787 431 repetitaque
799 357 876 435 long<

192 434 295 492 vellera
306 433 432 489 mollibat
442 432 559 488 nebulas
570 434 719 505 aequantia
729 442 829 501 tractu,

193 513 253 568 sive
266 510 321 567 levi
331 518 445 566 teretem
456 509 584 565 versabat
595 508 696 580 pollice
708 509 813 576 lusum,

194 605 244 645 seu
255 586 388 661 pingebat
397 602 462 654 acu3
481 586 567 641 scires
578 603 594 641 a
604 584 716 640 Pallade
727 585 848 642 doctam.

193 662 273 732 Quod
284 662 539 736 tamenipsanegat‚
552 669 682 734 tantaque
689 661 793 718 offensa
799 664 875 738 magi

136 751 163 797 25
194 740 312 804 scortes,
329 739 381 802 ait,
398 755 522 802 mecum3
539 736 677 802 nihilest,
695 738 771 810 quod
782 740 876 796 victa}

690 831 777 869 sema

192 888 284 947 Pallas
295 906 379 946 anum
393 887 519 954 simulat,
537 887 678 962 falsosque
689 890 719 945 in
730 898 857 964 tempora
868 908 876 946 t

194 966 281 1031 addit,
294 975 321 1021 et
331 964 456 1021 infirmos
466 965 566 1021 baculo
577 982 690 1038 quoque
700 968 824 1023 sustinet
833 977 875 1023 art

232 1043 310 1097 Tunc
320 1043 362 1097 sic
371 1059 432 1097 orsa
443 1039 535 1114 loqui:
547 1043 622 1096 »Non
627 1043 720 1098 omnia
725 1043 876 1117 grandiora

194 1135 265 1192 quae
276 1116 428 1192 fugiamus,
440 1117 536 1173 habat:
559 1118 629 1172 seris
640 1119 718 1173 venit
729 1136 799 1175 usus
810 1120 847 1176 ab
859 1138 873 1176 a

138 1205 164 1249 oo
195 1192 350 1250 Consilium
361 1211 396 1248 no
406 1210 507 1265 sperne
517 1209 622 1249 meum.
654 1194 718 1249 Tibi
729 1193 801 1251 lama
812 1205 877 1270 peta

194 1270 266 1325 inter
276 1267 405 1325 mortales
415 1267 558 1325 faciendae
568 1269 689 1326 maxima
700 1269 785 1326 telae:

193 1343 347 1410 eododem,
360 1346 528 1419 veniamque
538 1345 604 1411 tuis,
615 1347 771 1411 temeraria,
785 1345 871 1403 dictis

193 1421 321 1495 supplice
332 1438 399 1477 voce
410 1439 486 1496 roga.
519 1421 636 1478 Veniam
647 1421 725 1478 dabit
734 1421 783 1478 illa
794 1438 876 1499 rogat

194 1497 323 1571 Adspicit
332 1497 403 1553 hanc
413 1498 511 1563 torvis,
524 1499 691 1571 inceptaque
702 1497 748 1554 fila
759 1498 876 1572 relinqu

139 1584 164 1627 35
192 1575 298 1647 vixque
307 1591 407 1629 manus
418 1574 540 1629 retinens
550 1573 870 1646 confessaquevultibus

194 1648 297 1705 talibus
308 1648 454 1705 obscuram
465 1657 588 1705 resecuta
597 1658 640 1705 est
649 1649 760 1706 Pallada
771 1650 873 1707 dietis:

195 1725 308 1781 »Mentis
316 1725 398 1798 inops
409 1725 547 1801 longaque
557 1727 637 1781 venis
648 1725 772 1782 coniecta
783 1736 876 1784 senect

193 1809 220 1856 at
230 1801 349 1856 nimium
359 1801 466 1857 vixisse
477 1802 526 1857 diu
537 1810 627 1858 nocet.
658 1801 761 1859 Audiat
771 1804 851 1869 istas,

193 1878 218 1933 si
229 1894 284 1950 qua
292 1877 345 1932 tibi
356 1893 444 1933 nurus
455 1885 506 1944 est,
518 1879 542 1933 si
553 1895 608 1950 qua
619 1888 661 1934 est
672 1879 724 1935 tibi
735 1877 802 1943 filia,
816 1897 876 1936 voci

137 1958 164 2007 lo
194 1953 311 2010 Consilii
321 1954 389 2010 satis
400 1962 442 2009 est
451 1955 481 2010 in
491 1970 535 2009 me
546 1954 632 2010 mibi:
654 1972 724 2011 neve
735 1956 876 2012 monendo

194 2029 346 2104 proiecisse
356 2038 447 2102 putes,
462 2029 557 2086 eadem
568 2039 611 2086 est
620 2032 756 2087 sententia
767 2031 861 2088 uobis.

195 2105 250 2162 Cur
260 2123 314 2162 uon
324 2106 386 2179 ipsa
396 2104 491 2162 venit?
505 2123 555 2162 cur
566 2106 634 2162 haec
644 2107 795 2163 certamina
806 2108 876 2164 vitat

194 2184 271 2238 Tunc
282 2181 332 2238 dea
342 2181 452 2239 »Venit«
460 2184 508 2247 ait,
522 2180 694 2256 formamque
705 2184 825 2239 removit
836 2186 876 2241 ani

192 2257 361 2332 Palladaque
375 2257 514 2314 exhibuit.
544 2258 718 2315 Venerantur
736 2260 855 2317 numina
869 2278 876 2317 ι

692 2335 764 2408 pbae

137 2415 163 2463 45
192 2408 431 2484 Mygdonidesque
441 2425 539 2465 nurus.
570 2408 823 2468 Solaestinterrita
835 2413 876 2469 vir

193 2482 247 2540 Sed
261 2494 353 2541 tamen
363 2485 485 2550 erubuit,
498 2485 666 2560 subitusque
676 2490 765 2545 invita
778 2490 874 2546 notavi

193 2578 240 2617 ora
251 2561 345 2627 rubor,
358 2578 511 2634 rursusque
522 2564 649 2621 evanuit:
667 2573 699 2622 ut
708 2564 779 2622 solet
789 2566 838 2621 ae'r

193 2653 352 2710 purpureus
365 2639 436 2704 fieri,
449 2655 538 2710 quum
549 2642 672 2714 primum
682 2659 781 2698 aurora
791 2658 874 2699 move

188 2711 313 2771 albicus
318 2724 387 2791 post
400 2723 515 2793 tempus
526 2719 691 2777 candescere
698 2717 769 2776 solis
783 2719 818 2775 ab
828 2728 876 2777 om
