1876 3480
142 158 171 209 48
324 158 502 209 P.'ov11>11
520 162 686 213 NASONIS

140 272 167 319 et
177 261 269 319 Claros
280 269 306 316 et
318 259 441 327 Tenedos
451 262 634 334 Petaracnque
644 264 720 339 regia
729 266 825 322 servit.

138 338 261 410 luppiter
271 345 312 393 est
322 337 438 410 genitor.
457 337 570 402 Ferme,
583 337 882 413 quoderitqueiuitque

139 422 244 484 estque,
257 420 343 484 potet:
356 429 406 484 per
416 429 460 467 me
471 412 636 468 concordant
645 415 766 469 carmina
777 417 880 473 nervis.

140 489 217 544 Certa
227 487 340 559 quidem
351 495 441 543 nostra
453 495 502 551 est,
515 495 605 542 nostra
616 496 706 542 tamen
717 507 772 544 une
783 492 882 563 sagitta

83 576 122 620 520
141 564 248 627 certior,
261 563 290 617 in
301 579 388 619 vacuo
399 579 469 634 quae
478 561 594 619 vulnera
605 570 714 634 pectore
726 562 802 619 fecit.

139 636 881 717 Inventummedicinemeumest,opiferqueperorhem

138 714 227 777 dicor,
244 722 270 768 et
280 713 427 771 herbarum
438 712 562 771 subiecto
571 713 690 783 potentie
701 713 797 777 nohis,

136 789 186 842 Hei
196 788 276 851 mihi,
290 786 364 859 quod
374 785 764 842 nullisamorestmedicabilis
775 789 880 853 herbis,

137 880 188 917 nec
198 871 312 934 prosunt
318 861 428 919 domino
439 879 509 933 quoe
514 870 629 933 prosunt
637 863 777 929 omnibus
784 873 882 919 artes«

83 949 122 992 555
136 937 217 992 Plura
230 936 384 991 locuturum
393 935 476 991 celeri
485 937 584 1002 Peneia
594 953 677 991 cursu

139 1012 223 1085 fugit,
239 1012 428 1083 cumqueipso
438 1008 522 1067 verbs
536 1011 694 1082 imperfecta
705 1011 832 1084 reliquit3
871 1023 874 1029 '

137 1095 203 1141 tunc
213 1102 323 1157 quoque
333 1087 393 1141 visa
403 1085 513 1143 decens.
526 1085 879 1157 Nudabantcorporeveuti,

138 1162 275 1231 obviaque
286 1160 414 1215 adversas
423 1161 568 1217 vibrabant
580 1158 688 1216 flamina
701 1169 800 1226 vestes,

138 1245 164 1290 et
175 1234 244 1289 levis
254 1233 390 1306 impulsos
400 1243 470 1291 retro
481 1235 562 1291 dabat
572 1253 637 1291 aura
648 1234 773 1307 capillos

83 1321 122 1365 530
140 1318 217 1366 aucta
229 1308 294 1382 fuga
304 1308 390 1367 forma
400 1318 450 1367 est.
472 1309 526 1365 Sed
535 1311 609 1366 enim
620 1328 673 1366 non
684 1310 802 1365 sustinet
811 1309 881 1369 ultra

137 1385 252 1458 perdere
262 1383 410 1439 blanditias
420 1385 530 1451 iuvenis
541 1384 623 1450 deus,
641 1393 726 1458 utque
736 1385 864 1443 movebat

140 1462 200 1533 ipse
212 1477 296 1523 amor,
307 1458 427 1519 admisso
438 1461 564 1533 sequitur
574 1461 691 1533 vestigia
702 1477 796 1531 passu.

137 1536 173 1590 Ut
181 1535 257 1590 canis
267 1535 297 1588 in
306 1552 394 1590 vacuo
408 1534 529 1607 leporem
542 1552 629 1607 quum
642 1533 766 1590 Gallicus
780 1552 845 1589 arvo

137 1610 218 1674 vidit,
232 1618 258 1664 et
267 1609 314 1664 hic
324 1610 453 1681 praedam
463 1610 581 1681 pedibus
595 1610 676 1681 petit,
689 1608 737 1664 ilie
748 1608 878 1666 salutem:

83 1695 122 1739 535
143 1683 211 1739 alter
219 1684 367 1738 inhaesuro
377 1682 491 1749 similis,
507 1686 562 1739 iam
576 1685 686 1756 iamque
696 1691 789 1740 tenere

138 1766 238 1831 sperat,
251 1765 277 1811 et
288 1765 401 1813 extenso
411 1759 522 1832 stringit
532 1760 648 1833 vestigia
658 1767 759 1814 rostro:

139 1832 207 1888 alter
218 1833 248 1885 in
259 1831 388 1904 ambiguo
399 1841 448 1898 est,
464 1851 498 1888 an
509 1835 546 1889 sit
557 1851 745 1905 comprensus,
758 1842 785 1888 et
795 1834 863 1906 ipsis

120 1904 122 1909 ’
138 1907 276 1962 morsibus
290 1906 418 1978 eripitur,
435 1910 628 1981 tangentiaque
641 1925 687 1964 ora
697 1908 844 1982 relinquit:

140 1982 181 2036 sic
194 1981 262 2035 deus
272 1988 300 2035 et
310 1980 389 2054 virgo
400 1989 456 2036 est:
471 1982 518 2037 hic
528 2000 578 2055 spe
588 1982 669 2048 celer,
682 1982 730 2038 illa
741 1985 848 2039 timore.

85 2062 124 2109 555
142 2055 195 2122 Qui
206 2063 296 2111 tamen
306 2055 471 2127 insequitur,
487 2059 586 2128 pennis
597 2058 707 2113 adiutus
717 2058 826 2113 Amoris

140 2132 214 2186 ocior
223 2138 273 2196 est,
286 2131 465 2202 requiemque
475 2140 569 2205 negat,
586 2141 717 2207 tergoque
726 2132 834 2206 fugacis

139 2207 279 2272 imminet,
297 2213 323 2260 et
333 2206 437 2260 crinem
448 2223 573 2277 sparsum
584 2208 739 2262 cervicibus
750 2206 833 2263 afflat.

138 2281 251 2336 Viribus
260 2281 394 2336 absumtis
406 2279 609 2353 expalluitilla,
626 2283 752 2354 citaeque

140 2356 212 2410 victa
227 2354 318 2409 labore
328 2355 419 2429 fugae,
431 2363 556 2427 spectans
566 2357 698 2412 Peneidas
709 2358 808 2424 undas,

85 2436 124 2483 555
138 2430 880 2502 »Fer,pater,inquit,opem,sifluminauumenhabetis.

139 2504 198 2571 Qua
209 2505 326 2558 nimium
337 2503 439 2575 placui,
452 2503 554 2581 [telius
567 2507 613 2570 ait,
625 2506 712 2571 hisce,
725 2508 770 2562 vel
782 2510 863 2563 istam

142 2596 212 2651 quae
223 2578 288 2632 facit
297 2587 328 2632 ut
338 2577 450 2654 leedan]
462 2580 591 2636 mutando
601 2582 685 2652 perde
697 2583 813 2656 figuram
822 2584 847 2636 1«

141 2654 196 2711 Vix
205 2670 287 2726 prece
297 2653 373 2709 finita
383 2663 474 2727 torpor
483 2657 576 2731 gravis
587 2665 704 2730 occupat
714 2667 800 2713 artus.
