1876 3480
158 161 209 219 tlt
357 162 722 215 r.·ov1u11uasonts

158 269 274 327 Scitanti
284 268 353 325 deus
363 269 431 326 huic
444 268 479 324 de
492 268 611 343 coniuge
620 265 772 342 “Coniuge
783 265 859 331 dixit,

104 358 143 402 535
159 345 199 403 nil
210 364 280 419 opus
291 354 343 411 est,
354 344 489 410 Atalanta,
501 344 564 401 tibi.
591 345 669 420 Fuge
678 344 808 418 coniugis
817 358 895 399 usum.

160 425 217 478 Nec
227 431 319 479 tamen
329 421 456 497 effugies,
468 430 550 494 teque
561 421 622 494 ipsa
632 422 699 477 viva
712 416 843 476 carebia?

162 500 264 555 Territa
276 507 348 556 sorte
359 498 404 554 dei
415 515 573 571 peropacae
584 496 690 553 innuba
702 497 790 554 silvas

160 577 241 639 vivit,
254 585 281 632 et
291 577 439 631 instantem
449 574 559 630 turbam
568 573 690 630 violenta
701 590 845 648 procorum
928 614 930 649 ,

158 651 315 708 conditione
326 651 417 726 lugat:
430 649 500 707 “Nec
512 667 575 706 sum
585 650 730 724 potiunda,
738 651 803 715 nisi,
811 648 893 723 inquit
928 668 930 719 ζ

23 768 26 777 .
104 740 142 783 oto
161 730 233 784 victa
244 730 323 802 prius
334 745 428 783 cursu.
462 726 585 783 Pedibus
595 727 756 783 contendite
769 742 877 783 mecum.

159 806 283 862 Praemia
294 803 384 861 veloci
394 804 498 860 coniux
508 802 678 877 thalamique
688 803 842 860 dabuntur:

159 899 233 937 mors
244 881 365 954 pretium
378 880 474 936 tardis.
506 879 545 936 Ea
556 878 602 936 lex
611 880 775 936 certaminis
783 875 860 937 estol

157 955 206 1012 1113
218 956 333 1030 quidem
342 957 472 1025 immitis,
485 955 613 1012 sedtanta
619 956 892 1028 potentiaformaeert:
928 952 930 1025 l

158 1034 235 1089 venit
245 1032 279 1089 ad
290 1033 362 1089 hanc
372 1032 463 1108 legem
474 1033 617 1088 temeraria
629 1033 710 1089 turba
721 1049 869 1107 procorum.
927 1034 930 1095 t

104 1121 142 1164 575
157 1107 270 1165 Sederat
280 1111 466 1182 Hippomenes
476 1126 576 1164 cursus
585 1118 725 1182 spectator
734 1111 835 1184 iniqui,
928 1114 930 1121 '

160 1193 186 1240 et
196 1184 315 1240 “Petitur
327 1187 459 1258 cuiquam
472 1203 523 1259 per
533 1194 606 1241 tanta
617 1184 742 1258 pericula
753 1181 879 1243 coniurl’

160 1262 276 1326 dixerat,
288 1279 321 1317 ac
334 1263 436 1318 nimios
446 1263 581 1318 iuvenum
591 1261 735 1318 damnarat
747 1278 859 1320 amores.
928 1304 930 1309 -

160 1339 194 1394 Ut
204 1336 303 1393 faciem
314 1346 341 1394 et
351 1340 441 1410 posito
451 1355 551 1412 corpus
564 1338 701 1394 velamine
712 1339 794 1406 vidit,
928 1406 930 1411 Ι

159 1413 240 1488 quale
251 1432 354 1479 rneum,
367 1414 411 1470 vel
423 1415 505 1488 quale
514 1424 603 1479 tuum,
615 1416 640 1470 si
652 1413 756 1472 femina
769 1415 827 1482 liae,
924 1430 930 1443 ·

104 1501 142 1545 580
158 1492 311 1563 obstupuit,
324 1490 480 1565 tollensque
490 1509 589 1547 manus
599 1491 761 1566 “Ignoscite
775 1493 850 1558 dixit,

160 1584 229 1640 quos
240 1567 321 1623 modo
331 1567 457 1640 culpavi:
481 1567 604 1624 nondum
618 1568 688 1623 mibi
704 1571 826 1642 praemia
836 1576 892 1628 nota.

160 1660 230 1715 quae
240 1645 380 1716 peteretis,
392 1641 495 1699 erant.”
515 1643 664 1700 Laudando
674 1647 799 1718 concipit
807 1647 893 1720 ignem,

160 1727 195 1784 et,
209 1735 242 1773 ne
254 1721 317 1791 quis
333 1721 466 1775 iuvenum
476 1728 568 1775 currat
580 1721 713 1784 velocius,
727 1731 816 1795 optat:

159 1794 321 1867 invidiaque
332 1797 420 1850 timet.
452 1794 519 1851 “Sed
530 1813 580 1850 cur
590 1798 751 1852 certaminis
762 1799 843 1853 buius

104 1881 143 1924 585
160 1872 290 1925 intentata
302 1873 372 1926 mihi
387 1871 493 1927 fortuna
505 1871 693 1944 relinquitur?
708 1874 811 1946 inquit.

157 1947 296 2002 Audentes
308 1947 377 2002 deus
387 1949 448 2020 ipse
459 1945 561 2004 iuvat.l
593 1949 664 2003 Dum
674 1949 739 2004 talia
750 1966 844 2005 secum

160 2023 248 2096 exigit
258 2024 453 2095 Hippomenes,
466 2042 551 2097 passu
562 2023 635 2080 volat
645 2023 711 2079 alite
722 2026 812 2101 virgo.

158 2099 234 2166 Quae
248 2116 416 2172 quamquam
426 2098 555 2174 Scythica
569 2118 623 2156 non
634 2102 751 2230 sequius
762 2104 803 2157 ire
812 2100 894 2175 sagitta

158 2175 246 2232 Aonio
257 2176 316 2230 visa
330 2185 372 2231 est
382 2176 488 2240 iuveni,
501 2185 591 2232 tamen
602 2177 651 2231 ille
681 2194 791 2233 acorem

104 2261 142 2304 590
156 2253 272 2306 miratur
282 2253 381 2326 magis.
412 2253 447 2307 Et
457 2269 555 2307 cursus
567 2251 632 2308 facit
643 2253 704 2324 ipse
715 2253 850 2310 decorem.

158 2327 230 2382 Aura
242 2326 325 2383 refert
335 2327 423 2383 ablata
437 2329 500 2383 citis
512 2328 606 2384 talaria
620 2327 738 2401 plantis:
928 2326 930 2333 ’

159 2411 291 2475 tergaque
302 2405 438 2459 iactantur
450 2406 542 2459 crines
554 2422 603 2477 per
613 2405 745 2471 eburnea,
763 2417 879 2477 quaeque

159 2478 312 2549 poplitibus
322 2480 454 2535 suberant
463 2481 537 2552 picto
546 2480 676 2554 genualia
689 2481 791 2537 limbo:

159 2553 244 2624 inque
255 2555 372 2626 puellari
383 2573 484 2628 corpus
494 2557 612 2613 candore
623 2557 753 2612 ruborem

103 2640 141 2681 595
157 2637 288 2695 traxerat,
305 2630 482 2698 baudaliter,
497 2650 581 2706 quam
591 2651 679 2707 quum
689 2652 776 2707 super
784 2636 849 2690 atria
859 2645 895 2685 vc·

602 2709 666 2764 lum
