1876 3480
161 132 212 187 220
344 136 373 181 P.
393 134 528 183 0v1n11
546 132 717 180 NASONIS

160 238 234 306 Quid
245 237 316 293 mihi
327 237 486 312 significant
497 253 562 311 ergo
572 253 633 292 mea
644 232 724 291 vise?
735 233 812 308 quod
825 240 903 309 auten

103 323 144 370 505
160 315 266 372 somnia
277 312 563 387 pondushabentlan
574 311 679 443 haben}
688 312 837 440 etYsomnia
845 328 904 385 pon·

680 405 712 443 us

160 467 193 521 Di
204 465 319 520 meliusl
336 465 364 520 di
376 482 475 539 nempe
486 481 551 520 suas
563 463 687 520 habuere
696 480 816 520 sorores.

160 542 206 597 Sic
218 542 353 598 Saturnus
359 540 452 614 Opim,
465 542 588 597 iunctam
599 540 655 595 sibi
666 540 816 614 sanguine,
824 539 900 601 duxit
917 608 921 617 Ι

159 618 286 674 Oceanus
298 617 415 692 Tethyn,
427 619 560 673 lunonem
571 625 660 673 rector
670 614 796 691 Olympi.

159 694 229 750 Sunt
238 693 353 767 Superis
363 711 413 749 sua
424 695 495 748 iura.
516 692 591 760 Quid
604 693 638 748 ad
647 693 781 751 coelestia
791 692 858 749 ritus
937 764 938 767 Ἴ

105 783 144 825 500
160 772 272 844 exigere
282 770 418 826 humanos
429 770 597 842 diversaque
609 767 722 825 foedera
732 767 826 827 tento‘l

161 847 216 903 Aut
227 855 320 902 nostro
330 846 434 902 vetitus
444 845 478 901 de
489 845 571 901 corde
585 844 731 920 fugabitur
741 843 830 910 ordor,

162 933 208 978 aut
219 922 271 979 hoc
282 924 307 977 si
318 939 435 996 nequeo,
447 939 559 995 peream
569 937 677 995 precor,
692 921 757 994 ipsa
767 929 874 993 toroque

162 1008 268 1055 mortua
280 1016 438 1071 componat,
451 999 614 1072 positaeque
624 996 671 1053 det
681 996 873 1054 osculabatur.
922 1062 925 1069 Ι

159 1075 194 1130 Et
203 1084 294 1131 tamen
306 1075 452 1131 arbitrium
463 1075 572 1148 quaerit
581 1091 625 1131 555
636 1075 690 1130 ista
703 1072 833 1130 duorum.

105 1163 144 1207 505
160 1152 247 1224 Finge
257 1149 366 1224 placere
376 1151 462 1207 mihi:
474 1149 567 1207 scelus
578 1167 639 1207 esse
650 1148 795 1206 videbitur
807 1149 858 1207 illi.
921 1218 924 1225 Ι

162 1231 197 1282 At
207 1244 261 1282 non
271 1226 403 1283 Aeolidae
414 1226 549 1284 thalamos
558 1228 677 1283 timuere
687 1242 824 1283 sororum.

162 1303 241 1358 Unde
251 1302 302 1359 sed
312 1302 364 1359 hos
375 1301 460 1360 novi‘l
469 1320 520 1360 our
529 1303 598 1360 haec
608 1302 739 1376 exempla
750 1299 861 1376 pnrnvil

162 1379 222 1446 Quo
233 1377 323 1435 feror‘l
337 1378 497 1436 Obscoenae
507 1378 605 1453 procul
616 1379 683 1435 hine
693 1378 831 1436 discedite
839 1374 902 1434 nan

367 1494 370 1499 -
662 1456 738 1511 mael
921 1458 926 1467 '

162 1549 222 1597 nec,
235 1532 290 1587 nisi
301 1548 356 1602 qua
366 1530 408 1587 las
419 1539 462 1587 est
470 1548 628 1606 germanae,
641 1530 726 1588 trater
735 1540 851 1588 ametur.

105 1619 145 1662 550
160 1607 188 1662 Si
201 1616 292 1662 tamen
306 1608 366 1679 ipse
378 1608 433 1662 mei
444 1616 541 1680 captus
552 1610 627 1680 prior
638 1617 711 1664 esset
721 1625 824 1676 amore,

163 1684 276 1739 forsitan
288 1683 366 1739 illius
377 1701 487 1756 possem
497 1683 644 1759 indulgere
653 1682 754 1740 furori.

162 1761 235 1832 Ergo
245 1778 305 1834 ege,
319 1777 391 1832 quae
402 1759 509 1816 luerem
522 1778 577 1817 non
588 1761 724 1816 reiectura
735 1768 877 1832 petentem,

163 1838 223 1907 ipsa
234 1835 345 1907 petam‘l
364 1836 505 1893 Poterisne
517 1835 614 1909 loqui?
626 1837 767 1910 poterisne
779 1834 873 1892 fetent

163 1912 247 1986 Coget
257 1930 347 1968 arnor:
361 1922 469 1987 potero;
483 1912 538 1978 vel,
551 1913 576 1968 si
587 1912 677 1984 pudor
686 1929 734 1968 ora
745 1913 859 1977 tenebit,
895 1962 898 1969 .

106 2000 145 2043 515
163 1988 251 2043 littora
262 1987 364 2044 celatos
375 2006 472 2044 arcana
484 1988 615 2045 fatebitur
625 1989 733 2062 ignes«

162 2062 219 2119 Hoc
230 2064 334 2136 placet,
350 2064 418 2120 haec
433 2064 548 2120 dubiam
559 2065 628 2120 vicit
636 2065 776 2120 sententia
787 2073 903 2121 mentem.

161 2142 191 2195 ln
205 2141 275 2195 latus
287 2142 413 2214 erigitur,
430 2141 581 2214 cubitoque
592 2141 689 2196 innixe
697 2141 824 2207 sinistro,

162 2215 296 2272 »Videritz
310 2216 431 2280 insanos,
443 2217 544 2289 inquit,
557 2215 692 2272 fateamur
703 2234 825 2273 amores.

161 2293 211 2348 Hei
229 2292 313 2347 milri!
337 2309 393 2365 quo
411 2291 506 2367 labor?
529 2310 613 2366 quem
628 2310 707 2349 mens
721 2311 785 2350 mea
799 2290 905 2364 concipit

659 2368 795 2424 inem‘l«

108 2452 147 2496 500
163 2452 189 2498 et
203 2445 332 2499 meditate
345 2461 429 2499 manu
439 2445 580 2516 componit
590 2387 830 2502 verbagtromenti.

163 2520 261 2576 Dextra
273 2530 347 2576 tenet
356 2519 475 2586 ferrum,
488 2538 604 2576 vacuam
615 2529 690 2576 tenet
699 2521 788 2578 altere
798 2538 892 2578 cerain

164 2595 275 2667 Incipit,
288 2604 315 2651 et
324 2596 446 2666 dubitat;
464 2597 571 2661 scribit,
583 2596 753 2670 damnatque
764 2598 888 2661 tabellam

164 2677 191 2726 et
201 2679 286 2740 notat,
298 2681 326 2728 et
335 2671 424 2744 delet,
435 2681 523 2729 mutat
534 2671 684 2746 culpatque
692 2675 863 2750 probatque,
