1876 3480
203 150 254 207 288
396 155 423 202 P.
444 154 573 204 ovum
594 154 763 203 macoma
807 204 810 209 .

200 257 281 324 tollit,
293 275 363 315 onus
375 256 506 332 plaustri:
520 258 594 332 quod
605 276 641 315 ne
652 258 846 334 permitatis*
923 312 938 328 ,,

200 335 260 407 ipsa
272 334 337 392 iacit
348 336 479 411 gravitas.
516 333 631 392 Sosium
644 353 759 411 quoque
771 352 839 393 uxta
864 410 868 415 Ι
916 315 938 379 Ῐ

197 411 337 485 oppressit
346 411 435 485 spatio
445 419 562 468 stantem
573 412 707 486 propiore
717 410 842 471 comem.
869 446 877 461 -.
917 409 938 483 ’ἦ

141 499 182 543 285
196 487 303 546 Gaudia
314 504 366 545 nec
376 487 476 544 retinet
487 488 620 544 Rhoetus.
651 488 713 547 ‘Sic
722 502 891 565 computem,
928 541 929 544 ,

196 649 302 699 caetera
316 640 353 696 sit
362 638 441 696 [ortis
454 649 605 697 castrorum
616 582 839 701 turbaqtbbrumi'

198 719 417 790 semicremoque
426 724 509 773 novat
518 718 667 790 repetitum
678 716 875 794 stipitsrulms
891 730 902 772 ἵ
928 769 938 792 ,,

197 803 293 867 terque
303 801 456 868 quaterque
466 794 546 868 gravi
555 794 701 851 iuncturas
712 794 873 853 vomentes
898 835 900 856 ,ι
923 788 938 841 ἵ

122 868 127 878 “
196 871 281 943 rupit,
294 878 321 926 et
330 870 360 926 io
370 868 478 944 liquido
488 867 620 932 sederunt
630 886 693 927 ossa
705 872 836 931 cerebro·
889 923 890 928 ,
924 863 938 941 Ὶ,

141 958 179 1002 tto
194 947 287 1004 Victor
314 945 348 1003 ad
375 946 516 1022 Euagrum
544 944 759 1023 Corythumque
820 955 906 1009 oon
933 994 938 1018 ζ

696 1025 807 1083 transit.

195 1098 217 1154 E
229 1097 332 1171 quibus
341 1105 372 1153 ut
381 1098 470 1171 prima
482 1107 569 1154 tectus
580 1097 717 1175 lanugine
727 1102 813 1159 maias
899 1114 905 1161 ,¹
929 1145 930 1154 ,

195 1173 343 1248 procubuit
353 1173 499 1248 Corythus,
510 1173 610 1230 ‘Puero
624 1192 697 1249 quae
706 1176 861 1253 gloriatio
890 1210 907 1253 ‚y

195 1259 271 1323 paru
281 1249 332 1307 tibi
347 1247 417 1306 esti’
438 1251 619 1327 Euagrosait.
652 1252 711 1309 Nec
724 1254 818 1311 dicere
834 1265 836 1300 ²
852 1281 867 1299 u
906 1303 908 1314 ,

194 1326 274 1400 plura
285 1327 361 1393 sinit,
378 1326 532 1402 rutilasque
546 1325 624 1383 ferox
634 1327 664 1384 in
675 1340 774 1404 aperta
784 1324 907 1405 loquum
931 1325 938 1390 ,Ι

138 1416 177 1463 295
192 1403 316 1460 condidit
326 1421 372 1460 ora
384 1403 446 1469 viri,
458 1420 563 1477 perque
572 1419 603 1460 os
614 1403 643 1459 in
654 1417 781 1478 pectora,
791 1405 907 1465 flamm:
932 1400 938 1468 ¹:

195 1483 232 1536 Te
243 1498 364 1554 quoque,
376 1497 456 1536 saeve
466 1480 548 1569 Drya,
560 1479 667 1536 circum
679 1493 767 1557 eaput
776 1484 838 1561 igne
846 1486 912 1539 Μ·
933 1469 938 1545 i

194 1557 364 1629 insequitur3
379 1555 427 1611 sed
440 1572 494 1612 non
503 1574 533 1612 ιιι
544 1565 570 1612 te
581 1572 637 1630 quo
658 1575 695 1615 ue
704 1560 830 1617 constitit
837 1558 893 1615 iden
932 1555 938 1565 ’

192 1633 297 1690 esitus:
311 1631 438 1688 assiduae
448 1648 579 1689 successu
589 1574 684 1689 coedis
694 1646 833 1701 ovantem,
936 1690 938 1698 ,

194 1728 248 1783 qua
260 1709 352 1764 iuncta
363 1717 404 1764 est
414 1708 530 1765 humero
539 1709 644 1774 cervix,
658 1710 731 1767 sude
743 1712 809 1789 figis
818 1712 900 1769 otuu

136 1798 175 1842 too
190 1786 337 1860 Ingemuit,
351 1783 474 1859 duroque
485 1785 582 1841 sudem
596 1786 644 1841 vix
654 1803 718 1844 osse
729 1789 839 1846 revellit
922 1847 924 1854 s

191 1863 322 1927 Rhoetus¹
336 1863 432 1933 etipse
446 1878 496 1918 suo
507 1860 678 1917 madefactus
688 1866 828 1940 sanguine
837 1861 898 1937 fugit

190 1939 274 2013 Fugit
285 1948 310 1994 et
321 1937 436 2005 Orneus,
449 1938 637 2015 Lycabasque,
651 1948 678 1994 et
689 1943 807 1999 saucius
815 1956 878 2001 armo

190 2015 343 2072 dexteriore
353 2014 466 2080 Medon,
482 2024 581 2073 etcum
591 2015 723 2073 Pisenore
734 2017 877 2075 Thaumas:

190 2092 294 2167 quique
306 2090 409 2163 pedum
421 2108 509 2164 nuper
518 2092 666 2147 certamine
677 2093 787 2150 vicerat
795 2108 878 2151 omnes

134 2179 173 2223 aot
187 2169 346 2232 Mermeros,
359 2176 469 2240 accepto
480 2177 539 2223 tum
551 2168 664 2223 vulnere
675 2169 787 2225 tardius
797 2171 861 2226 ibat:

190 2254 216 2300 et
224 2243 328 2300 Pholus
339 2252 365 2299 et
374 2243 515 2300 Melaneus
526 2242 630 2300 etdbas
641 2245 790 2317 praedator
799 2252 910 2320 aprorum

190 2323 294 2394 quique
305 2320 365 2375 suis
375 2318 476 2374 trustra
487 2319 592 2375 bellum
603 2319 778 2379 dissuaserat
787 2336 868 2398 augur
920 2346 924 2373 :
936 2363 938 2378 ι

189 2398 310 2470 Astylos.
340 2395 389 2451 Ille
400 2397 481 2452 etiam
494 2396 625 2453 metuenti
638 2396 757 2455 vulnera
767 2399 851 2453 Nesso
903 2454 911 2479 ,

184 2472 237 2528 ‘Ne
249 2472 327 2547 iuge!
344 2473 379 2528 ad
388 2472 547 2536 Herculeos,
558 2471 660 2545 inquit,
672 2474 832 2531 servaberis
840 2480 905 2528 arcti
933 2520 935 2525 .

133 2559 172 2600 ato
187 2547 221 2604 tit
236 2566 288 2604 non
305 2550 479 2624 Eurynomus
498 2547 672 2623 Lycidasque
686 2558 720 2682 fit
737 2549 823 2608 arsos
841 2554 864 2603 et
877 2544 932 2627 lt}

707 2644 774 2683 reus

68 2726 113 2800 ι
187 2698 433 2777 effugereneccm:
448 2701 729 2776 quosomuesdsrtra
738 2700 861 2776 Dryantis
927 2710 931 2767 j
