1876 3480
130 107 183 162 {22
321 110 352 158 P.
372 109 503 159 ovlon
519 109 690 159 xsaoms
773 128 780 135 ·

129 213 210 269 “Pars
220 229 271 288 ego
281 213 459 287 nymharum
472 210 790 285 quaesuntindchaide‚
804 212 885 281 dixit,

129 309 185 346 una
197 289 251 346 fui:
265 307 317 344 nec
327 307 371 361 me
385 288 539 345 studiosius
550 288 635 344 altera
644 288 734 346 saltus

131 367 208 440 legit,
221 384 272 421 nec
283 368 378 438 posuit
388 365 543 421 studiosius
554 364 639 421 altera
649 382 753 421 casses.

74 454 113 496 555
129 441 576 515 Sedquamvisformaenunquarn
583 441 653 496 mihi
664 440 885 514 famapetitaest,

131 519 260 591 quamvis
272 518 350 574 fortis
362 535 446 582 eram,
460 516 596 573 formosae
606 534 707 573 nomen
717 518 866 575 habebam.

128 597 185 649 Nee
196 612 256 649 mea
270 612 314 649 me
325 594 410 649 facies
421 594 542 649 nimium
553 593 663 649 laudata
672 593 803 650 iuvabat:

129 687 240 743 quaque
251 670 320 726 aliae
331 669 453 744 gaudere
464 671 564 735 solent,
577 687 629 744 ego
639 670 743 727 rustica
753 669 818 726 dote

129 747 253 818 corporis
265 746 375 811 erubui
388 747 550 834 crimenque
561 744 672 817 placere
681 747 791 819 putavi.
925 796 930 811 ,.

75 834 114 877 555
129 824 214 879 Lassa
226 823 393 888 revertebar,
410 822 536 887 memini,
548 820 744 896 Stymphalide
753 822 839 879 silva
925 826 930 877 1

132 898 233 955 Aestus
264 907 335 965 erat,
367 915 557 973 magnumque
587 898 664 954 labor
696 899 930 973 geminaverat

631 983 750 1031 aestum.

133 1051 281 1106 Invenio
259 1068 320 1105 srne
332 1051 436 1107 vortice
447 1068 542 1123 aquas,
555 1051 767 1107 sinemurmure
776 1060 884 1117 euntes,

132 1127 294 1198 perspicuas
305 1127 340 1182 ad
351 1127 483 1192 humum,
499 1144 550 1198 per
559 1143 629 1198 quas
639 1126 826 1183 numerabilis
834 1125 887 1183 alta

133 1201 258 1257 calculus
272 1203 362 1257 omnis
374 1211 441 1267 erat,
453 1219 523 1275 quas
532 1210 563 1258 tu
574 1203 624 1258 vix
634 1203 675 1258 ire
686 1212 811 1275 putares.

77 1288 116 1331 555
132 1277 204 1334 Cana
215 1277 311 1333 salicta
322 1276 424 1333 dabant
434 1279 594 1366 nutritaque
604 1277 727 1352 populus
736 1278 813 1335 unda

133 1362 230 1426 sponte
241 1371 291 1408 sua
301 1362 379 1409 natas
389 1354 460 1426 ripis
475 1353 634 1410 declivibus
644 1354 770 1412 umbras.

131 1430 253 1495 Accessi,
266 1447 445 1502 primumque
455 1430 536 1502 pedis
546 1431 666 1506 vestigia
675 1431 759 1497 tinxi

134 1506 239 1577 poplite
247 1471 452 1561 deindetenus:
467 1515 740 1580 nequeeocontenta,
748 1508 886 1583 recingor,

134 1580 303 1654 molliaque'
296 1599 409 1654 impono
419 1582 499 1638 salici
511 1581 649 1639 velamina
662 1600 775 1650 curvae,

78 1667 117 1710 555
133 1657 263 1729 nudaque
279 1675 389 1732 mergor
403 1659 499 1730 aquis:
522 1677 592 1732 quaa
607 1657 676 1715 dum
690 1658 821 1732 ferioque
833 1668 889 1715 tra·

636 1735 672 1791 ho
694 1752 739 1801 ue,

133 1807 209 1861 mille
220 1807 311 1863 modis
321 1807 428 1874 labens,
440 1827 614 1898 excussaque
624 1752 739 1867 bradhia
748 1811 832 1875 iacto

135 1885 229 1939 nescio
239 1884 314 1973 quod
324 1886 416 1942 medio
426 1903 502 1941 sensi
494 1887 565 1942 suh
576 1888 687 1961 gurgite
697 1903 836 1953 murmur,

135 1961 284 2033 territaque
296 1961 395 2018 insisto
405 1962 543 2035 propioris
554 1964 679 2050 margine
689 1962 778 2034 ripae

134 2034 195 2102 Quo
209 2055 349 2110 properas,
361 2036 518 2093 Arethusa?
530 2039 589 2094 suis
599 2038 726 2110 Alpheus
736 2036 773 2093 ab
783 2037 879 2101 undis,

80 2123 118 2166 555
135 2130 190 2184 quo
204 2112 354 2186 properas?
373 2115 474 2169 iterum
487 2131 570 2170 rauco
580 2113 651 2168 mihi
661 2113 770 2169 dixerat
779 2130 839 2168 ore

134 2188 213 2244 Sicut
223 2206 307 2254 eram,
319 2189 430 2264 sugio'
407 2205 469 2243 sine
480 2190 622 2244 vestibus:
640 2189 726 2245 altera
736 2197 832 2245 vestes

137 2266 196 2336 ripa
208 2283 282 2320 meas
294 2265 402 2321 habuit.
432 2265 519 2319 Tanto
529 2266 619 2338 magis
628 2266 713 2321 instat
723 2273 751 2320 et
759 2265 852 2334 ardet;

138 2350 164 2394 et
175 2346 241 2413 quia
253 2341 325 2396 nuda
337 2340 389 2405 fui,
402 2356 466 2396 sum
477 2339 538 2395 visa
549 2341 669 2411 paratior
678 2340 734 2396 ilii.

135 2414 181 2468 Sic
192 2432 243 2489 ego
254 2416 408 2481 currebam,
421 2415 463 2470 sic
472 2433 517 2470 me
529 2414 604 2471 ierus
614 2414 664 2470 iile
675 2416 830 2488 premebat,

81 2501 120 2544 555
136 2498 166 2545 ut
178 2490 273 2562 fugere
284 2492 444 2579 accipitrem
455 2507 546 2562 penna
560 2492 715 2564 trepidante
724 2491 881 2556 columbae,

135 2562 250 2651 utsolet
260 2566 392 2637 accipites
403 2567 526 2638 trepidas
539 2585 639 2641 urgere
649 2568 804 2624 columbas.

134 2622 228 2714 Usque
239 2641 292 2694 sub
299 2640 488 2698 Orchomenon
495 2644 889 2719 PsophidaqueCyllenenque
