1876 3480
154 676 535 725 METAMORPHOSEON
556 678 626 723 ΗΒ.
646 681 688 725 XI.
739 674 790 726 275

41 783 166 841 erederet
175 796 237 838 esse
247 782 302 836 sui.
335 779 429 837 Fletus
443 797 554 854 quoque
568 779 682 836 fundere
693 799 771 836 veros

41 862 119 916 visus
130 867 198 923 eret,
215 866 380 933 gestumque
391 875 488 913 manus
499 856 596 932 Ceycis
608 857 735 913 habebat.

41 936 162 1012 ingemit
169 933 318 1008 Halcyone,
331 932 458 989 leerimas
470 940 563 988 movet
575 941 656 1006 atque
668 933 781 989 lacertos

41 1031 89 1087 per
99 1026 240 1074 somnum,
252 1024 407 1084 eorpusque
418 1017 514 1083 petens
523 1008 794 1081 amplectitnrauras,
809 1022 833 1062 tr

41 1090 247 1160 exclamatque:
263 1087 370 1141 »Manet
386 1086 447 1153 Quo
456 1095 483 1141 te
494 1083 588 1157 rapis?
597 1085 702 1141 Ibimus
714 1102 793 1140 unse

41 1167 114 1222 Voce
124 1164 171 1220 sni
181 1162 331 1235 specieque
341 1162 395 1217 viri
406 1162 513 1217 turbata
524 1177 651 1234 soporem

40 1234 157 1304 ereutii,
178 1247 205 1294 et
217 1238 308 1310 primo
317 1238 342 1293 si
351 1239 388 1293 sit
396 1238 588 1309 circumspicit
596 1237 665 1302 illie,

41 1319 91 1390 qui
101 1315 186 1371 medo
194 1314 274 1369 visus
285 1321 356 1370 eretz
373 1330 437 1370 nam
447 1315 514 1369 moti
527 1327 595 1369 vnee
605 1316 725 1370 ministri

41 1392 194 1449 intulerant
205 1390 308 1445 iumen.
328 1391 477 1462 Postquam
488 1406 542 1444 non
552 1390 660 1446 invenit
670 1408 797 1463 usquam,
811 1400 849 1439 esu

42 1468 164 1542 pereutit
173 1483 218 1522 orn
230 1482 324 1530 menn,
339 1465 478 1538 laniatque
488 1484 503 1521 e
514 1474 624 1538 pectore
636 1475 735 1531 vestes,

41 1553 210 1618 pectoraque
221 1542 281 1613 ipsa
292 1541 364 1596 ierit.
395 1543 451 1597 Nec
461 1543 552 1597 crines
562 1541 668 1597 solvere
679 1551 769 1597 curat:

41 1619 157 1683 scindit,
169 1618 306 1682 meritrici,
318 1632 389 1690 quae
400 1615 491 1674 luctus
501 1635 608 1683 caussa,
620 1620 726 1693 roganti

46 1694 141 1752 aNuiia
152 1702 195 1748 est
203 1692 351 1767 Halcyone,
364 1693 440 1750 nullu
451 1703 501 1759 est,
517 1695 569 1750 eit:
582 1696 684 1751 oceidit
694 1714 747 1750 una

51 1789 107 1828 tum
119 1770 208 1845 Ceyce
219 1786 280 1825 suo.
309 1768 429 1825 Solantia
439 1769 526 1825 tellite
535 1771 629 1826 verba.
812 1780 850 1821 tus

56 1846 201 1921 {antraque
212 1846 326 1901 interiit.
356 1845 420 1902 Vidi
432 1847 599 1920 agnovique,
616 1864 769 1919 manusque

61 1921 288 1986 ddiseedentem,
301 1922 417 1994 cupiens
431 1923 557 1986 retinere,
573 1923 686 1977 tetendi.

65 1997 220 2065 'mbrefuit;
234 1996 418 2053 sedetumbra
424 2005 516 2053 tamen
522 1996 676 2062 manifesta,
687 1999 797 2070 virique

71 2093 109 2131 era
120 2074 187 2129 mei.
216 2074 275 2129 Non
286 2073 335 2129 ilie
345 2072 470 2146 quidem,
483 2074 506 2128 si
518 2074 639 2147 quaeris,
652 2074 769 2129 habebat

77 2160 172 2207 suetos
183 2147 287 2215 vuitus,
300 2166 360 2214 nec¹
373 2166 429 2223 quo
439 2150 527 2222 prius,
540 2165 586 2206 ere
597 2151 711 2206 nitebat.
813 2161 852 2204 eeu

83 2225 198 2283 ilentem
209 2225 372 2299 nudumque
381 2234 409 2280 et
418 2225 510 2282 edhue
519 2225 650 2283 humente
659 2225 760 2300 capitio

84 2302 147 2358 'elix
157 2300 227 2357 vidi.
257 2300 337 2357 Stetit
347 2301 400 2357 hoe
410 2301 578 2359 miserabilis
587 2304 650 2378 ipse

91 2395 111 2434 e
121 2377 209 2444 loeoe3
222 2384 249 2432 et
258 2377 376 2450 quaerit,
393 2379 511 2452 vestigia
524 2379 550 2434 si
560 2396 615 2452 qua
625 2380 776 2453 supersint.

96 2471 117 2510 e
128 2462 196 2518 eret,
208 2452 270 2519 hoe,
282 2453 375 2509 animo
388 2454 462 2527 quod
473 2454 616 2511 divinante
627 2455 768 2520 timebam,

103 2548 129 2596 e,
142 2526 227 2585 mesu
249 2528 318 2594 eus,
331 2538 428 2585 ventos
438 2546 585 2603 sequerere
596 2531 736 2606 rogabam.
815 2540 853 2583 eet

105 2614 169 2662 erte
182 2603 227 2660 vel
239 2621 294 2670 ern,
310 2607 441 2678 queniam
455 2607 596 2679 periturus
605 2609 710 2672 abibas,

110 2698 218 2755 quoque
231 2680 371 2737 duxisses.
403 2683 467 2738 Fuit
477 2682 525 2738 ah!
544 2681 684 2748 enituere,
698 2694 788 2740 tecum

115 2758 181 2813 rihi.
202 2756 298 2830 Neque
308 2759 383 2814 enim
393 2757 428 2813 de
439 2757 511 2813 vitae
518 2760 799 2833 temporequidquarn

120 2831 202 2890 simul
213 2834 343 2908 egissem,
359 2850 410 2889 nee
420 2850 494 2888 mors
504 2834 621 2890 discrete
632 2833 740 2891 fuisset.

125 2910 320 2983 *absensperii
328 2912 413 2966 iactor
423 2926 534 3042 quoque
544 2908 674 2966 fluctibus
684 2913 798 2969 absens:
815 2925 855 2966 tue

131 2986 451 3059 emetepontushabet.
503 2985 696 3060 rudelioripse

137 3063 167 3117 hi
177 3080 256 3118 mens
265 3063 374 3138 pelago,
391 3061 416 3116 si
430 3062 515 3118 vitem
525 3061 625 3118 duoere
637 3064 710 3120 nitar'

140 3156 172 3204 rs,
184 3147 212 3194 et
222 3147 296 3196 tento
306 3154 429 3215 pugnem
439 3154 586 3212 superesse
595 3137 696 3196 deleri.

145 3215 827 3355 »quepugnabqnectmmieeruutiegeiinqunmz
861 3280 870 3289 .
