<?xml version="1.0" encoding="UTF-8"?>
<!DOCTYPE html PUBLIC "-//W3C//DTD XHTML 1.0 Transitional//EN"
    "http://www.w3.org/TR/xhtml1/DTD/xhtml1-transitional.dtd">
<html xmlns="http://www.w3.org/1999/xhtml" xml:lang="en" lang="en">
 <head>
  <title>
</title>
<meta http-equiv="Content-Type" content="text/html;charset=utf-8" />
  <meta name='ocr-system' content='tesseract 3.04.00' />
  <meta name='ocr-capabilities' content='ocr_page ocr_carea ocr_par ocr_line ocrx_word'/>
</head>
<body>
  <div class='ocr_page' id='page_1' title='image "./operaomnia02ovidgoog/operaomnia02ovidgoog_0203.png"; bbox 0 0 1876 3480; ppageno 0'>
   <div class='ocr_carea' id='block_1_1' title="bbox 174 154 926 389">
    <p class='ocr_par' dir='ltr' id='par_1_1' title="bbox 174 154 926 389">
     <span class='ocr_line' id='line_1_1' title="bbox 177 154 926 225; baseline -0.013 -15"><span class='ocrx_word' id='word_1_1' title='bbox 177 155 226 210; x_wconf 81' lang='lat' dir='ltr'><strong>ut</strong></span> <span class='ocrx_word' id='word_1_2' title='bbox 363 157 390 204; x_wconf 81' lang='grc'><strong>5.</strong></span> <span class='ocrx_word' id='word_1_3' title='bbox 410 155 541 206; x_wconf 80' lang='lat' dir='ltr'><strong>ovium</strong></span> <span class='ocrx_word' id='word_1_4' title='bbox 558 154 747 203; x_wconf 76' lang='lat' dir='ltr'><strong>nasonis·</strong></span> <span class='ocrx_word' id='word_1_5' title='bbox 923 220 926 225; x_wconf 23' lang='grc' dir='ltr'>Ι</span> 
     </span>
     <span class='ocr_line' id='line_1_2' title="bbox 174 245 915 330; baseline -0.009 -11"><span class='ocrx_word' id='word_1_6' title='bbox 174 263 272 319; x_wconf 79' lang='lat' dir='ltr'><strong>Amnis</strong></span> <span class='ocrx_word' id='word_1_7' title='bbox 282 259 316 317; x_wconf 88' lang='lat' dir='ltr'><strong>ed</strong></span> <span class='ocrx_word' id='word_1_8' title='bbox 327 259 409 316; x_wconf 84' lang='lat' dir='ltr'><strong>haec:</strong></span> <span class='ocrx_word' id='word_1_9' title='bbox 424 259 499 314; x_wconf 80' lang='lat' dir='ltr'><strong>»Non</strong></span> <span class='ocrx_word' id='word_1_10' title='bbox 508 265 559 322; x_wconf 90' lang='lat' dir='ltr'><strong>est,</strong></span> <span class='ocrx_word' id='word_1_11' title='bbox 573 256 676 330; x_wconf 74' lang='lat' dir='ltr'><strong>inquit,</strong></span> <span class='ocrx_word' id='word_1_12' title='bbox 687 245 765 329; x_wconf 82' lang='lat' dir='ltr'><strong>qnod</strong></span> <span class='ocrx_word' id='word_1_13' title='bbox 774 257 915 323; x_wconf 68' lang='grc'>5555555555,</span> 
     </span>
     <span class='ocr_line' id='line_1_3' title="bbox 670 348 761 389; baseline -0.022 -1"><span class='ocrx_word' id='word_1_14' title='bbox 670 348 761 389; x_wconf 75' lang='lat' dir='ltr'><strong>umam</strong></span> 
     </span>
    </p>
   </div>
   <div class='ocr_carea' id='block_1_2' title="bbox 121 405 938 2734">
    <p class='ocr_par' dir='ltr' id='par_1_2' title="bbox 176 405 913 691">
     <span class='ocr_line' id='line_1_4' title="bbox 176 405 913 484; baseline -0.008 -17"><span class='ocrx_word' id='word_1_15' title='bbox 176 413 305 484; x_wconf 83' lang='lat' dir='ltr'>Quinque</span> <span class='ocrx_word' id='word_1_16' title='bbox 316 412 406 466; x_wconf 79' lang='lat' dir='ltr'><strong>iacent</strong></span> <span class='ocrx_word' id='word_1_17' title='bbox 416 417 518 465; x_wconf 84' lang='lat' dir='ltr'><strong>terrae:</strong></span> <span class='ocrx_word' id='word_1_18' title='bbox 539 406 662 480; x_wconf 84' lang='lat' dir='ltr'><strong>epatium</strong></span> <span class='ocrx_word' id='word_1_19' title='bbox 671 405 836 465; x_wconf 81' lang='lat' dir='ltr'><strong>discrimine</strong></span> <span class='ocrx_word' id='word_1_20' title='bbox 844 407 913 465; x_wconf 65' lang='lat' dir='ltr'><strong>otta.</strong></span> 
     </span>
     <span class='ocr_line' id='line_1_5' title="bbox 176 481 858 560; baseline -0.003 -18"><span class='ocrx_word' id='word_1_21' title='bbox 176 481 858 560; x_wconf 76' lang='lat' dir='ltr'><strong>anqusminusspranstectammirersuiam,</strong></span> 
     </span>
     <span class='ocr_line' id='line_1_6' title="bbox 176 555 912 633; baseline -0.005 -15"><span class='ocrx_word' id='word_1_22' title='bbox 176 561 277 618; x_wconf 83' lang='lat' dir='ltr'>Naides</span> <span class='ocrx_word' id='word_1_23' title='bbox 288 560 339 616; x_wconf 88' lang='lat' dir='ltr'><strong>hae</strong></span> <span class='ocrx_word' id='word_1_24' title='bbox 350 559 468 615; x_wconf 80' lang='lat' dir='ltr'><strong>fuerant.</strong></span> <span class='ocrx_word' id='word_1_25' title='bbox 497 555 671 631; x_wconf 82' lang='lat' dir='ltr'><strong>Quaequum</strong></span> <span class='ocrx_word' id='word_1_26' title='bbox 685 557 731 613; x_wconf 82' lang='lat' dir='ltr'><strong>bie</strong></span> <span class='ocrx_word' id='word_1_27' title='bbox 745 559 912 633; x_wconf 79' lang='lat' dir='ltr'><strong>quinqneiu·</strong></span> 
     </span>
     <span class='ocr_line' id='line_1_7' title="bbox 665 649 771 691; baseline 0.028 -3"><span class='ocrx_word' id='word_1_28' title='bbox 665 649 771 691; x_wconf 72' lang='grc'>5555555</span> 
     </span>
    </p>

    <p class='ocr_par' dir='ltr' id='par_1_3' title="bbox 121 705 905 1151">
     <span class='ocr_line' id='line_1_8' title="bbox 121 705 860 782; baseline -0.001 -14"><span class='ocrx_word' id='word_1_29' title='bbox 121 725 160 768; x_wconf 76' lang='lat' dir='ltr'><strong>eso</strong></span> <span class='ocrx_word' id='word_1_30' title='bbox 175 719 348 774; x_wconf 79' lang='lat' dir='ltr'><strong>mactassent,</strong></span> <span class='ocrx_word' id='word_1_31' title='bbox 360 711 491 782; x_wconf 85' lang='lat' dir='ltr'><strong>rurisque</strong></span> <span class='ocrx_word' id='word_1_32' title='bbox 500 707 566 764; x_wconf 83' lang='lat' dir='ltr'><strong>deos</strong></span> <span class='ocrx_word' id='word_1_33' title='bbox 576 705 612 763; x_wconf 84' lang='lat' dir='ltr'><strong>od</strong></span> <span class='ocrx_word' id='word_1_34' title='bbox 620 724 699 765; x_wconf 77' lang='lat' dir='ltr'><strong>necea</strong></span> <span class='ocrx_word' id='word_1_35' title='bbox 708 718 860 775; x_wconf 76' lang='lat' dir='ltr'><strong>uocassent,</strong></span> 
     </span>
     <span class='ocr_line' id='line_1_9' title="bbox 177 782 795 843; baseline -0.006 0"><span class='ocrx_word' id='word_1_36' title='bbox 177 791 352 843; x_wconf 79' lang='lat' dir='ltr'><strong>immemores</strong></span> <span class='ocrx_word' id='word_1_37' title='bbox 362 784 449 841; x_wconf 77' lang='lat' dir='ltr'><strong>nostri</strong></span> <span class='ocrx_word' id='word_1_38' title='bbox 460 782 544 840; x_wconf 85' lang='lat' dir='ltr'><strong>iestes</strong></span> <span class='ocrx_word' id='word_1_39' title='bbox 553 782 658 839; x_wconf 74' lang='lat' dir='ltr'><strong>duxere</strong></span> <span class='ocrx_word' id='word_1_40' title='bbox 668 782 795 841; x_wconf 81' lang='grc'>51555555.</span> 
     </span>
     <span class='ocr_line' id='line_1_10' title="bbox 177 857 905 933; baseline -0.004 -16"><span class='ocrx_word' id='word_1_41' title='bbox 177 862 313 926; x_wconf 87' lang='lat' dir='ltr'><strong>Intumui,</strong></span> <span class='ocrx_word' id='word_1_42' title='bbox 326 868 502 933; x_wconf 77' lang='lat' dir='ltr'><strong>quantusque</strong></span> <span class='ocrx_word' id='word_1_43' title='bbox 512 857 596 923; x_wconf 73' lang='lat' dir='ltr'><strong>feror,</strong></span> <span class='ocrx_word' id='word_1_44' title='bbox 607 874 697 931; x_wconf 84' lang='lat' dir='ltr'><strong>quum</strong></span> <span class='ocrx_word' id='word_1_45' title='bbox 706 857 857 932; x_wconf 80' lang='lat' dir='ltr'><strong>plurimus,</strong></span> <span class='ocrx_word' id='word_1_46' title='bbox 865 874 905 914; x_wconf 76' lang='lat' dir='ltr'><strong>on·</strong></span> 
     </span>
     <span class='ocr_line' id='line_1_11' title="bbox 177 1008 903 1082; baseline 0 -15"><span class='ocrx_word' id='word_1_47' title='bbox 177 1021 268 1068; x_wconf 90' lang='lat' dir='ltr'><strong>tantus</strong></span> <span class='ocrx_word' id='word_1_48' title='bbox 281 1028 365 1074; x_wconf 86' lang='lat' dir='ltr'><strong>arem,</strong></span> <span class='ocrx_word' id='word_1_49' title='bbox 377 1011 534 1082; x_wconf 74' lang='lat' dir='ltr'><strong>pariterque</strong></span> <span class='ocrx_word' id='word_1_50' title='bbox 548 1009 649 1063; x_wconf 85' lang='lat' dir='ltr'><strong>animis</strong></span> <span class='ocrx_word' id='word_1_51' title='bbox 663 1009 796 1066; x_wconf 71' lang='grc'>5555555555</span> <span class='ocrx_word' id='word_1_52' title='bbox 805 1008 903 1067; x_wconf 62' lang='lat' dir='ltr'><strong>morde</strong></span> 
     </span>
     <span class='ocr_line' id='line_1_12' title="bbox 175 1083 899 1151; baseline -0.001 -10"><span class='ocrx_word' id='word_1_53' title='bbox 175 1083 741 1151; x_wconf 76' lang='lat' dir='ltr'><strong>asilvissilvesetebarvisarvereeelii,</strong></span> <span class='ocrx_word' id='word_1_54' title='bbox 896 1128 899 1133; x_wconf 92' lang='lat'>.</span> 
     </span>
    </p>

    <p class='ocr_par' dir='ltr' id='par_1_4' title="bbox 122 1159 938 1606">
     <span class='ocr_line' id='line_1_13' title="bbox 122 1159 938 1248; baseline -0.001 -32"><span class='ocrx_word' id='word_1_55' title='bbox 122 1173 160 1216; x_wconf 82' lang='grc'><strong>555</strong></span> <span class='ocrx_word' id='word_1_56' title='bbox 176 1177 295 1231; x_wconf 85' lang='lat' dir='ltr'><strong>cumque</strong></span> <span class='ocrx_word' id='word_1_57' title='bbox 317 1160 376 1225; x_wconf 75' lang='lat' dir='ltr'><strong>ioco</strong></span> <span class='ocrx_word' id='word_1_58' title='bbox 394 1159 546 1233; x_wconf 78' lang='lat' dir='ltr'><strong>nymplms,</strong></span> <span class='ocrx_word' id='word_1_59' title='bbox 570 1175 708 1215; x_wconf 82' lang='lat' dir='ltr'><strong>memores</strong></span> <span class='ocrx_word' id='word_1_60' title='bbox 725 1168 788 1248; x_wconf 67' lang='lat' dir='ltr'><strong>tum</strong></span> <span class='ocrx_word' id='word_1_61' title='bbox 805 1159 903 1230; x_wconf 65' lang='lat' dir='ltr'><strong>aaran</strong></span> <span class='ocrx_word' id='word_1_62' title='bbox 937 1201 938 1206; x_wconf 19' lang='grc' dir='ltr'>η</span> 
     </span>
     <span class='ocr_line' id='line_1_14' title="bbox 177 1243 938 1439; baseline 0.005 -75"><span class='ocrx_word' id='word_1_63' title='bbox 177 1312 205 1364; x_wconf 90' lang='lat' dir='ltr'><strong>in</strong></span> <span class='ocrx_word' id='word_1_64' title='bbox 217 1309 284 1365; x_wconf 80' lang='lat' dir='ltr'><strong>frete</strong></span> <span class='ocrx_word' id='word_1_65' title='bbox 296 1307 432 1380; x_wconf 89' lang='lat' dir='ltr'><strong>provolvi.</strong></span> <span class='ocrx_word' id='word_1_66' title='bbox 464 1307 577 1365; x_wconf 82' lang='lat' dir='ltr'><strong>Fluctua</strong></span> <span class='ocrx_word' id='word_1_67' title='bbox 588 1243 876 1439; x_wconf 45' lang='lat' dir='ltr'><strong>incumbunt</strong></span> <span class='ocrx_word' id='word_1_68' title='bbox 918 1367 921 1378; x_wconf 74' lang='grc'>,</span> <span class='ocrx_word' id='word_1_69' title='bbox 935 1286 938 1404; x_wconf 55' lang='lat' dir='ltr'><strong>d</strong></span> 
     </span>
     <span class='ocr_line' id='line_1_15' title="bbox 177 1383 938 1456; baseline 0 -16"><span class='ocrx_word' id='word_1_70' title='bbox 177 1386 334 1440; x_wconf 89' lang='lat' dir='ltr'><strong>continuam</strong></span> <span class='ocrx_word' id='word_1_71' title='bbox 345 1383 455 1439; x_wconf 84' lang='lat' dir='ltr'><strong>diduxit</strong></span> <span class='ocrx_word' id='word_1_72' title='bbox 465 1384 591 1447; x_wconf 88' lang='lat' dir='ltr'><strong>humum,</strong></span> <span class='ocrx_word' id='word_1_73' title='bbox 604 1393 756 1456; x_wconf 81' lang='lat' dir='ltr'><strong>partesque</strong></span> <span class='ocrx_word' id='word_1_74' title='bbox 762 1385 834 1442; x_wconf 80' lang='lat' dir='ltr'><strong>revel</strong></span> <span class='ocrx_word' id='word_1_75' title='bbox 846 1386 852 1397; x_wconf 89' lang='lat'>&#39;</span> <span class='ocrx_word' id='word_1_76' title='bbox 936 1421 938 1424; x_wconf 93' lang='lat'>-</span> 
     </span>
     <span class='ocr_line' id='line_1_16' title="bbox 178 1436 938 1530; baseline 0.005 -16"><span class='ocrx_word' id='word_1_77' title='bbox 178 1462 206 1514; x_wconf 94' lang='lat' dir='ltr'><strong>in</strong></span> <span class='ocrx_word' id='word_1_78' title='bbox 218 1459 344 1522; x_wconf 88' lang='lat' dir='ltr'><strong>totidem,</strong></span> <span class='ocrx_word' id='word_1_79' title='bbox 355 1459 454 1513; x_wconf 84' lang='lat' dir='ltr'><strong>mediis</strong></span> <span class='ocrx_word' id='word_1_80' title='bbox 466 1466 532 1530; x_wconf 85' lang='lat' dir='ltr'><strong>quot</strong></span> <span class='ocrx_word' id='word_1_81' title='bbox 542 1459 632 1514; x_wconf 85' lang='lat' dir='ltr'><strong>cernis</strong></span> <span class='ocrx_word' id='word_1_82' title='bbox 641 1459 799 1517; x_wconf 73' lang='lat' dir='ltr'><strong>Echinadas</strong></span> <span class='ocrx_word' id='word_1_83' title='bbox 808 1458 887 1517; x_wconf 69' lang='lat' dir='ltr'><strong>undu.</strong></span> <span class='ocrx_word' id='word_1_84' title='bbox 934 1436 938 1504; x_wconf 54' lang='lat' dir='ltr'><strong>d</strong></span> 
     </span>
     <span class='ocr_line' id='line_1_17' title="bbox 177 1511 938 1606; baseline 0.001 -17"><span class='ocrx_word' id='word_1_85' title='bbox 177 1536 211 1590; x_wconf 92' lang='lat' dir='ltr'><strong>Ut</strong></span> <span class='ocrx_word' id='word_1_86' title='bbox 220 1544 310 1590; x_wconf 91' lang='lat' dir='ltr'><strong>tamen</strong></span> <span class='ocrx_word' id='word_1_87' title='bbox 319 1535 380 1606; x_wconf 90' lang='lat' dir='ltr'><strong>ipse</strong></span> <span class='ocrx_word' id='word_1_88' title='bbox 388 1533 474 1596; x_wconf 88' lang='lat' dir='ltr'><strong>vides,</strong></span> <span class='ocrx_word' id='word_1_89' title='bbox 482 1533 578 1604; x_wconf 84' lang='lat' dir='ltr'><strong>procui</strong></span> <span class='ocrx_word' id='word_1_90' title='bbox 588 1550 632 1598; x_wconf 89' lang='lat' dir='ltr'><strong>en,</strong></span> <span class='ocrx_word' id='word_1_91' title='bbox 640 1534 737 1605; x_wconf 85' lang='lat' dir='ltr'><strong>procul</strong></span> <span class='ocrx_word' id='word_1_92' title='bbox 747 1530 902 1592; x_wconf 71' lang='grc' dir='ltr'>555555555ἰέ</span> <span class='ocrx_word' id='word_1_93' title='bbox 934 1511 938 1576; x_wconf 85' lang='lat'>!</span> 
     </span>
    </p>

    <p class='ocr_par' dir='ltr' id='par_1_5' title="bbox 123 1586 938 1889">
     <span class='ocr_line' id='line_1_18' title="bbox 123 1586 938 1734; baseline -0.001 -72"><span class='ocrx_word' id='word_1_94' title='bbox 123 1620 161 1662; x_wconf 76' lang='lat' dir='ltr'><strong>stu</strong></span> <span class='ocrx_word' id='word_1_95' title='bbox 176 1610 268 1664; x_wconf 86' lang='lat' dir='ltr'><strong>insula</strong></span> <span class='ocrx_word' id='word_1_96' title='bbox 279 1618 354 1681; x_wconf 80' lang='lat' dir='ltr'><strong>gruta</strong></span> <span class='ocrx_word' id='word_1_97' title='bbox 366 1608 435 1662; x_wconf 90' lang='lat' dir='ltr'><strong>mihi</strong></span> <span class='ocrx_word' id='word_1_98' title='bbox 445 1629 450 1661; x_wconf 91' lang='lat'>:</span> <span class='ocrx_word' id='word_1_99' title='bbox 461 1608 614 1663; x_wconf 79' lang='lat' dir='ltr'><strong>Perimelen</strong></span> <span class='ocrx_word' id='word_1_100' title='bbox 625 1610 718 1664; x_wconf 80' lang='lat' dir='ltr'><strong>navita</strong></span> <span class='ocrx_word' id='word_1_101' title='bbox 729 1609 807 1666; x_wconf 84' lang='lat' dir='ltr'><strong>dicit.</strong></span> <span class='ocrx_word' id='word_1_102' title='bbox 913 1628 919 1661; x_wconf 69' lang='grc' dir='ltr'><em>ς</em></span> <span class='ocrx_word' id='word_1_103' title='bbox 933 1586 938 1734; x_wconf 58' lang='lat'><strong>⁴</strong></span> 
     </span>
     <span class='ocr_line' id='line_1_19' title="bbox 178 1682 829 1755; baseline 0.005 -19"><span class='ocrx_word' id='word_1_104' title='bbox 178 1686 248 1737; x_wconf 86' lang='lat' dir='ltr'><strong>Huic</strong></span> <span class='ocrx_word' id='word_1_105' title='bbox 258 1701 310 1755; x_wconf 84' lang='lat' dir='ltr'><strong>ego</strong></span> <span class='ocrx_word' id='word_1_106' title='bbox 319 1685 477 1755; x_wconf 82' lang='lat' dir='ltr'><strong>virgineum</strong></span> <span class='ocrx_word' id='word_1_107' title='bbox 488 1682 604 1738; x_wconf 87' lang='lat' dir='ltr'><strong>dilectae</strong></span> <span class='ocrx_word' id='word_1_108' title='bbox 618 1699 719 1740; x_wconf 85' lang='lat' dir='ltr'><strong>nomen</strong></span> <span class='ocrx_word' id='word_1_109' title='bbox 729 1684 829 1741; x_wconf 80' lang='lat' dir='ltr'><strong>ademi.</strong></span> 
     </span>
     <span class='ocr_line' id='line_1_20' title="bbox 177 1756 901 1889; baseline 0.007 -78"><span class='ocrx_word' id='word_1_110' title='bbox 177 1756 255 1822; x_wconf 80' lang='lat' dir='ltr'><strong>Quod</strong></span> <span class='ocrx_word' id='word_1_111' title='bbox 270 1765 346 1828; x_wconf 87' lang='lat' dir='ltr'><strong>pater</strong></span> <span class='ocrx_word' id='word_1_112' title='bbox 360 1757 545 1829; x_wconf 84' lang='lat' dir='ltr'><strong>Hippodamas</strong></span> <span class='ocrx_word' id='word_1_113' title='bbox 558 1774 639 1832; x_wconf 77' lang='lat' dir='ltr'><strong>aegre</strong></span> <span class='ocrx_word' id='word_1_114' title='bbox 656 1758 734 1889; x_wconf 57' lang='lat' dir='ltr'><strong>tnflllit,</strong></span> <span class='ocrx_word' id='word_1_115' title='bbox 757 1763 839 1834; x_wconf 89' lang='lat' dir='ltr'><strong>inquo</strong></span> <span class='ocrx_word' id='word_1_116' title='bbox 855 1772 901 1830; x_wconf 79' lang='lat' dir='ltr'><strong>pro·</strong></span> 
     </span>
    </p>

    <p class='ocr_par' dir='ltr' id='par_1_6' title="bbox 704 1835 793 1891">
     <span class='ocr_line' id='line_1_21' title="bbox 704 1835 793 1891; baseline 0.011 -1"><span class='ocrx_word' id='word_1_117' title='bbox 704 1835 793 1891; x_wconf 88' lang='lat' dir='ltr'><strong>ndum</strong></span> 
     </span>
    </p>

    <p class='ocr_par' dir='ltr' id='par_1_7' title="bbox 177 1905 832 2055">
     <span class='ocr_line' id='line_1_22' title="bbox 177 1905 820 1980; baseline 0.008 -20"><span class='ocrx_word' id='word_1_118' title='bbox 177 1906 299 1978; x_wconf 85' lang='lat' dir='ltr'><strong>propulit</strong></span> <span class='ocrx_word' id='word_1_119' title='bbox 309 1923 324 1959; x_wconf 88' lang='grc'><strong>5</strong></span> <span class='ocrx_word' id='word_1_120' title='bbox 335 1905 449 1978; x_wconf 87' lang='lat' dir='ltr'><strong>scopulo</strong></span> <span class='ocrx_word' id='word_1_121' title='bbox 459 1907 597 1978; x_wconf 86' lang='lat' dir='ltr'><strong>pariturae</strong></span> <span class='ocrx_word' id='word_1_122' title='bbox 607 1924 721 1980; x_wconf 90' lang='lat' dir='ltr'><strong>corpora</strong></span> <span class='ocrx_word' id='word_1_123' title='bbox 731 1918 820 1967; x_wconf 83' lang='lat' dir='ltr'><strong>natae.</strong></span> 
     </span>
     <span class='ocr_line' id='line_1_23' title="bbox 178 1981 832 2055; baseline 0.012 -20"><span class='ocrx_word' id='word_1_124' title='bbox 178 1982 291 2052; x_wconf 85' lang='lat' dir='ltr'><strong>Excepi,</strong></span> <span class='ocrx_word' id='word_1_125' title='bbox 305 1990 452 2054; x_wconf 86' lang='lat' dir='ltr'><strong>netemque</strong></span> <span class='ocrx_word' id='word_1_126' title='bbox 463 1981 554 2038; x_wconf 82' lang='lat' dir='ltr'><strong>ferens</strong></span> <span class='ocrx_word' id='word_1_127' title='bbox 563 1982 599 2038; x_wconf 89' lang='lat'><strong>‘0</strong></span> <span class='ocrx_word' id='word_1_128' title='bbox 609 1985 735 2055; x_wconf 82' lang='lat' dir='ltr'><strong>proxima</strong></span> <span class='ocrx_word' id='word_1_129' title='bbox 746 1994 832 2042; x_wconf 76' lang='lat' dir='ltr'><strong>terrae</strong></span> 
     </span>
    </p>

    <p class='ocr_par' dir='ltr' id='par_1_8' title="bbox 123 2056 922 2433">
     <span class='ocr_line' id='line_1_24' title="bbox 123 2056 851 2130; baseline 0.008 -21"><span class='ocrx_word' id='word_1_130' title='bbox 123 2068 161 2110; x_wconf 78' lang='grc'><strong>555</strong></span> <span class='ocrx_word' id='word_1_131' title='bbox 177 2074 260 2130; x_wconf 83' lang='lat' dir='ltr'><strong>regno</strong></span> <span class='ocrx_word' id='word_1_132' title='bbox 271 2073 366 2129; x_wconf 86' lang='lat' dir='ltr'><strong>vagae,</strong></span> <span class='ocrx_word' id='word_1_133' title='bbox 379 2056 448 2122; x_wconf 83' lang='lat' dir='ltr'><strong>diri,</strong></span> <span class='ocrx_word' id='word_1_134' title='bbox 461 2059 555 2114; x_wconf 88' lang='lat' dir='ltr'><strong>sortite</strong></span> <span class='ocrx_word' id='word_1_135' title='bbox 566 2058 742 2126; x_wconf 79' lang='lat' dir='ltr'><strong>Tridentifer,</strong></span> <span class='ocrx_word' id='word_1_136' title='bbox 754 2060 851 2124; x_wconf 83' lang='lat' dir='ltr'><strong>undae,</strong></span> 
     </span>
     <span class='ocr_line' id='line_1_25' title="bbox 178 2131 855 2204; baseline 0.013 -20"><span class='ocrx_word' id='word_1_137' title='bbox 178 2132 206 2185; x_wconf 92' lang='lat' dir='ltr'><strong>in</strong></span> <span class='ocrx_word' id='word_1_138' title='bbox 217 2148 272 2203; x_wconf 92' lang='lat' dir='ltr'><strong>quo</strong></span> <span class='ocrx_word' id='word_1_139' title='bbox 282 2131 445 2196; x_wconf 88' lang='lat' dir='ltr'><strong>desinimus,</strong></span> <span class='ocrx_word' id='word_1_140' title='bbox 458 2149 513 2204; x_wconf 88' lang='lat' dir='ltr'><strong>quo</strong></span> <span class='ocrx_word' id='word_1_141' title='bbox 523 2134 595 2188; x_wconf 89' lang='lat' dir='ltr'><strong>sacri</strong></span> <span class='ocrx_word' id='word_1_142' title='bbox 605 2135 744 2190; x_wconf 86' lang='lat' dir='ltr'><strong>currimus</strong></span> <span class='ocrx_word' id='word_1_143' title='bbox 754 2152 855 2199; x_wconf 77' lang='lat' dir='ltr'><strong>amnes,</strong></span> 
     </span>
     <span class='ocr_line' id='line_1_26' title="bbox 177 2201 901 2284; baseline 0.01 -24"><span class='ocrx_word' id='word_1_144' title='bbox 177 2201 901 2284; x_wconf 63' lang='lat' dir='ltr'><strong>hucadesatqueaudiplacidumNeptunepreeantm!</strong></span> 
     </span>
     <span class='ocr_line' id='line_1_27' title="bbox 177 2282 902 2358; baseline 0.014 -24"><span class='ocrx_word' id='word_1_145' title='bbox 177 2282 247 2335; x_wconf 91' lang='lat' dir='ltr'><strong>Huic</strong></span> <span class='ocrx_word' id='word_1_146' title='bbox 258 2298 318 2355; x_wconf 83' lang='lat' dir='ltr'><strong>ego,</strong></span> <span class='ocrx_word' id='word_1_147' title='bbox 331 2296 414 2352; x_wconf 88' lang='lat' dir='ltr'><strong>quam</strong></span> <span class='ocrx_word' id='word_1_148' title='bbox 424 2291 511 2352; x_wconf 88' lang='lat' dir='ltr'><strong>porto,</strong></span> <span class='ocrx_word' id='word_1_149' title='bbox 524 2285 616 2338; x_wconf 89' lang='lat' dir='ltr'><strong>nocui.</strong></span> <span class='ocrx_word' id='word_1_150' title='bbox 644 2284 675 2339; x_wconf 94' lang='lat' dir='ltr'><strong>Si</strong></span> <span class='ocrx_word' id='word_1_151' title='bbox 684 2287 763 2341; x_wconf 84' lang='lat' dir='ltr'><strong>mitis</strong></span> <span class='ocrx_word' id='word_1_152' title='bbox 773 2296 902 2358; x_wconf 71' lang='lat' dir='ltr'><strong>strepant</strong></span> 
     </span>
     <span class='ocr_line' id='line_1_28' title="bbox 179 2356 922 2433; baseline 0.012 -24"><span class='ocrx_word' id='word_1_153' title='bbox 179 2357 202 2409; x_wconf 89' lang='lat' dir='ltr'><strong>si</strong></span> <span class='ocrx_word' id='word_1_154' title='bbox 212 2365 289 2426; x_wconf 87' lang='lat' dir='ltr'><strong>peter</strong></span> <span class='ocrx_word' id='word_1_155' title='bbox 298 2356 492 2428; x_wconf 84' lang='lat' dir='ltr'><strong>Hippodamas,</strong></span> <span class='ocrx_word' id='word_1_156' title='bbox 504 2367 552 2412; x_wconf 90' lang='lat' dir='ltr'><strong>aut</strong></span> <span class='ocrx_word' id='word_1_157' title='bbox 561 2359 586 2412; x_wconf 92' lang='lat' dir='ltr'><strong>si</strong></span> <span class='ocrx_word' id='word_1_158' title='bbox 596 2360 690 2414; x_wconf 87' lang='lat' dir='ltr'><strong>minus</strong></span> <span class='ocrx_word' id='word_1_159' title='bbox 700 2362 807 2433; x_wconf 86' lang='lat' dir='ltr'><strong>impius</strong></span> <span class='ocrx_word' id='word_1_160' title='bbox 816 2366 889 2427; x_wconf 67' lang='grc'>555555</span> <span class='ocrx_word' id='word_1_161' title='bbox 919 2362 922 2367; x_wconf 83' lang='lat'>&#39;</span> 
     </span>
    </p>

    <p class='ocr_par' dir='ltr' id='par_1_9' title="bbox 124 2430 938 2734">
     <span class='ocr_line' id='line_1_29' title="bbox 124 2430 938 2506; baseline 0.016 -25"><span class='ocrx_word' id='word_1_162' title='bbox 124 2440 162 2481; x_wconf 83' lang='grc'><strong>555</strong></span> <span class='ocrx_word' id='word_1_163' title='bbox 178 2430 275 2486; x_wconf 88' lang='lat' dir='ltr'><strong>debuit</strong></span> <span class='ocrx_word' id='word_1_164' title='bbox 284 2430 362 2485; x_wconf 85' lang='lat' dir='ltr'><strong>iilius</strong></span> <span class='ocrx_word' id='word_1_165' title='bbox 373 2433 508 2496; x_wconf 85' lang='lat' dir='ltr'><strong>misereri,</strong></span> <span class='ocrx_word' id='word_1_166' title='bbox 523 2434 666 2506; x_wconf 81' lang='lat' dir='ltr'><strong>ignoscere</strong></span> <span class='ocrx_word' id='word_1_167' title='bbox 677 2436 772 2491; x_wconf 84' lang='lat' dir='ltr'><strong>nobis.</strong></span> <span class='ocrx_word' id='word_1_168' title='bbox 935 2461 938 2478; x_wconf 74' lang='lat'><strong>¹</strong></span> 
     </span>
     <span class='ocr_line' id='line_1_30' title="bbox 181 2502 893 2585; baseline 0.018 -26"><span class='ocrx_word' id='word_1_169' title='bbox 181 2503 241 2577; x_wconf 86' lang='lat' dir='ltr'><strong>[Cui</strong></span> <span class='ocrx_word' id='word_1_170' title='bbox 253 2506 391 2576; x_wconf 88' lang='lat' dir='ltr'><strong>quondam</strong></span> <span class='ocrx_word' id='word_1_171' title='bbox 402 2505 485 2562; x_wconf 87' lang='lat' dir='ltr'><strong>tellus</strong></span> <span class='ocrx_word' id='word_1_172' title='bbox 495 2506 588 2563; x_wconf 90' lang='lat' dir='ltr'><strong>clausa</strong></span> <span class='ocrx_word' id='word_1_173' title='bbox 599 2519 641 2564; x_wconf 89' lang='lat' dir='ltr'><strong>est</strong></span> <span class='ocrx_word' id='word_1_174' title='bbox 650 2509 759 2566; x_wconf 78' lang='lat' dir='ltr'><strong>feritate</strong></span> <span class='ocrx_word' id='word_1_175' title='bbox 769 2502 893 2585; x_wconf 73' lang='lat' dir='ltr'><strong>patena}</strong></span> 
     </span>
     <span class='ocr_line' id='line_1_31' title="bbox 177 2578 933 2659; baseline 0.017 -27"><span class='ocrx_word' id='word_1_176' title='bbox 177 2578 242 2632; x_wconf 78' lang='lat' dir='ltr'><strong>ader</strong></span> <span class='ocrx_word' id='word_1_177' title='bbox 251 2597 342 2651; x_wconf 90' lang='lat' dir='ltr'><strong>opem,</strong></span> <span class='ocrx_word' id='word_1_178' title='bbox 354 2599 524 2655; x_wconf 83' lang='lat' dir='ltr'><strong>mersaeque,</strong></span> <span class='ocrx_word' id='word_1_179' title='bbox 537 2599 643 2653; x_wconf 88' lang='lat' dir='ltr'><strong>precor,</strong></span> <span class='ocrx_word' id='word_1_180' title='bbox 656 2585 766 2642; x_wconf 81' lang='lat' dir='ltr'><strong>feritate</strong></span> <span class='ocrx_word' id='word_1_181' title='bbox 775 2596 881 2659; x_wconf 73' lang='lat' dir='ltr'><strong>patero·</strong></span> <span class='ocrx_word' id='word_1_182' title='bbox 930 2613 933 2628; x_wconf 59' lang='lat'><em>⁵</em></span> 
     </span>
     <span class='ocr_line' id='line_1_32' title="bbox 177 2651 891 2734; baseline 0.011 -30"><span class='ocrx_word' id='word_1_183' title='bbox 177 2651 221 2716; x_wconf 88' lang='lat' dir='ltr'><strong>da,</strong></span> <span class='ocrx_word' id='word_1_184' title='bbox 232 2655 368 2725; x_wconf 89' lang='lat' dir='ltr'><strong>Neptune,</strong></span> <span class='ocrx_word' id='word_1_185' title='bbox 381 2658 482 2712; x_wconf 80' lang='lat' dir='ltr'><strong>iocum</strong></span> <span class='ocrx_word' id='word_1_186' title='bbox 513 2657 562 2714; x_wconf 89' lang='lat' dir='ltr'><strong>Vel</strong></span> <span class='ocrx_word' id='word_1_187' title='bbox 573 2660 610 2714; x_wconf 86' lang='lat' dir='ltr'><strong>sit</strong></span> <span class='ocrx_word' id='word_1_188' title='bbox 621 2659 698 2715; x_wconf 88' lang='lat' dir='ltr'><strong>locus</strong></span> <span class='ocrx_word' id='word_1_189' title='bbox 709 2662 782 2734; x_wconf 87' lang='lat' dir='ltr'><strong>ipsa,</strong></span> <span class='ocrx_word' id='word_1_190' title='bbox 795 2658 891 2718; x_wconf 85' lang='lat' dir='ltr'><strong>licebit:</strong></span> 
     </span>
    </p>
   </div>
   <div class='ocr_carea' id='block_1_3' title="bbox 0 0 949 3480">
    <p class='ocr_par' dir='ltr' id='par_1_10' title="bbox 0 0 949 3480">
     <span class='ocr_line' id='line_1_33' title="bbox 0 0 949 3480; baseline 0 0"><span class='ocrx_word' id='word_1_191' title='bbox 0 0 949 3480; x_wconf 95' lang='lat' dir='ltr'><strong> </strong></span> 
     </span>
    </p>
   </div>
  </div>
 </body>
</html>
