1876 3480
221 179 239 234 2
416 183 444 229 P.
465 183 593 232 0v1n11
610 183 779 230 NASONIS

223 283 448 357 necquidquam
471 285 527 340 nisi
544 284 654 357 pondus
676 285 765 352 iners3
789 291 937 358 congestaq

723 359 819 415 eodem

224 451 278 489 non
289 435 361 491 bene
374 436 531 491 iunctarum
545 434 683 490 discordia
694 437 800 491 semina
811 453 913 490 rerum.

169 521 194 564 tu
223 509 324 566 Nullus
335 511 426 567 adhuc
437 510 541 566 mundo
550 511 701 583 praebebat
712 511 818 566 lumina
829 512 918 576 Titan,

225 603 276 640 nec
287 604 357 643 nova
368 587 517 642 crescendo
530 587 675 658 reparabat
686 604 789 642 cornua
800 587 920 651 Phoebe,

224 680 276 717 nec
287 662 456 719 circumfuso
469 661 608 735 pendebat
618 663 647 717 in
658 665 720 717 aere
733 661 817 718 tellus

224 738 396 810 ponderibus
410 738 509 794 librata
520 739 593 803 suis,
614 755 665 793 nec
675 738 788 793 brachia
799 738 882 812 longo

160 815 166 820 “
224 815 350 889 margine
363 823 498 871 terrarum
511 821 669 885 porrexerat
681 812 860 886 Amphitrite.

168 903 194 946 15
223 887 340 961 Quaque
351 890 404 946 tuit
417 888 509 955 tellus,
522 888 581 945 illic
594 897 621 945 et
629 897 730 962 pontus
742 897 768 945 et
777 891 831 945 ae'r.

223 965 269 1021 Sic
280 974 337 1022 erat
347 965 487 1021 instabilis
498 962 591 1030 tellus,
603 963 736 1020 innabilis
748 964 831 1030 unda,

226 1041 296 1097 lucis
307 1058 392 1115 egens
403 1043 462 1096 ae'r:
484 1038 556 1096 nulli
566 1058 616 1096 sua
627 1039 714 1096 forma
724 1041 861 1106 manebat,

223 1117 405 1190 obstabatque
416 1115 479 1172 aliis
492 1114 581 1181 aliud,
594 1116 660 1187 quia
671 1133 784 1189 corpore
794 1117 824 1171 in
835 1134 890 1172 uno

225 1192 326 1266 frigida
337 1191 499 1266 pugnabant
507 1189 615 1257 calidis,
628 1191 771 1248 humentia
781 1193 874 1257 siccis,

168 1279 194 1323 ²0
223 1267 317 1324 mollia
331 1285 396 1322 cum
405 1266 492 1332 duris,
510 1267 570 1323 sine
580 1266 702 1339 pondere
712 1267 842 1323 habentia
853 1268 928 1340 pond

223 1345 298 1399 Hanc
309 1343 377 1398 deus
389 1351 416 1398 et
425 1342 524 1399 melior
534 1341 612 1398 litem
621 1351 718 1399 natura
729 1343 855 1399 diremit:

226 1437 289 1474 nam
300 1418 376 1475 coelo
386 1427 482 1485 terras,
495 1426 522 1474 et
532 1419 612 1474 terris
624 1419 743 1474 abscidit
753 1419 851 1484 undas,

224 1504 251 1550 et
262 1494 402 1567 liquidum
412 1495 503 1568 spisso
511 1495 631 1551 secrevit
643 1495 678 1550 ab
689 1497 751 1551 aare
760 1494 878 1550 coelum.

225 1569 300 1637 Quae
310 1580 457 1643 postquam
468 1571 572 1628 evolvit
580 1588 717 1643 caecoque
727 1572 831 1626 exemit
841 1588 933 1628 acerv

168 1658 195 1700 us
225 1646 371 1701 dissociata
382 1645 450 1702 locis
461 1646 590 1702 concordi
603 1664 671 1719 pace
685 1645 792 1720 ligavit.

225 1723 308 1794 Ignea
319 1722 437 1777 convexi
447 1723 491 1778 vis
501 1730 528 1777 et
538 1721 599 1777 sinc
608 1722 730 1795 pondere
740 1722 811 1778 coeli

225 1797 339 1852 emicuit
349 1814 514 1871 summaque
524 1796 616 1854 locum
626 1798 682 1853 sibi
693 1799 761 1872 legit
770 1799 800 1853 in
811 1814 883 1853 arce.

223 1872 370 1928 Proximus
381 1881 422 1928 est
432 1876 478 1930 ae'r
488 1874 531 1930 illi
543 1872 654 1930 levitate
668 1873 796 1946 locoque:

226 1946 337 2003 densior
347 1947 392 2003 his
403 1947 496 2015 tellus,
509 1948 700 2022 elementaque
710 1949 825 2023 grandia
840 1950 932 2014 traxit,

169 2034 195 2077 au
225 2030 252 2078 et
262 2041 357 2096 pressa
368 2032 410 2079 est
419 2026 554 2098 gravitate
567 2025 623 2079 sui.
660 2023 844 2081 Circumfluus
856 2025 936 2079 hum

226 2097 324 2156 ultima
337 2100 461 2172 possedit
473 2100 650 2173 solidumque
663 2102 783 2157 co'e'rcuit
793 2100 899 2155 orbem.

261 2173 306 2229 Sic
317 2175 367 2231 ubi
377 2175 540 2248 dispositam
550 2177 680 2249 quisquis
691 2175 745 2231 tuit
754 2175 802 2230 ille
815 2175 930 2231 deorum

226 2252 384 2324 congeriem
393 2251 491 2317 secuit,
506 2260 666 2325 sectamque
675 2253 705 2307 in
716 2250 840 2308 membra
851 2251 935 2326 redeg

225 2326 366 2399 principio
375 2335 486 2394 terram,
502 2344 537 2384 ne
547 2344 602 2384 non
612 2326 736 2400 aequalis
747 2329 782 2383 ab
791 2328 867 2383 omni

169 2410 194 2454 35
224 2410 301 2473 parte
312 2401 390 2469 forat,
405 2403 500 2479 magni
509 2405 632 2478 speciem
642 2402 806 2477 glomeravit
815 2404 845 2458 in
855 2401 931 2459 orbis

227 2478 295 2531 Tum
307 2477 375 2534 freta
386 2478 505 2544 diffudit,
517 2479 678 2553 rapidisque
688 2488 841 2534 tumescere
852 2479 938 2535 venti

225 2553 307 2607 iussit
320 2563 348 2608 et
357 2554 477 2610 ambitae
489 2555 662 2611 circumdare
673 2556 763 2611 littora
776 2564 874 2610 terrae.

225 2626 339 2683 Addidit
350 2639 376 2685 et
386 2629 475 2687 fontes
489 2640 516 2686 et
526 2640 622 2706 stagna
632 2631 768 2687 immensa
779 2629 923 2703 lacusque,

216 2700 393 2778 fluminaque
402 2706 527 2780 obliquis
538 2707 627 2763 cinxit
637 2706 756 2763 declivia
766 2706 846 2781 ripis,
