1876 3480
868 39 872 115 1

94 112 145 167 38AE
208 117 237 162 P.
257 117 361 165 ovlt).
381 116 462 165 NAS.
481 116 566 163 ΜΕΤ.
586 116 656 161 LIB.
675 115 732 163 XV.

94 218 241 288 emisitque
252 217 326 271 sinu.
356 214 692 279 Lunaevolataitiusilla,

92 291 342 363 flammiferumque
352 292 464 346 trahens
472 292 592 363 spatioso
602 290 690 345 limite
701 293 807 347 crinem

38 380 77 423 155
92 367 172 423 steila
183 367 275 431 micat,
288 367 400 438 natique
412 366 508 421 videns
518 365 659 420 benefacta
672 365 773 421 fatetur
874 368 877 415 t

95 459 155 498 esse
166 442 226 496 suis
237 442 349 504 maiora,
362 451 390 496 et
403 441 478 495 vinci
487 440 589 514 gaudet
598 441 633 495 ab
644 440 703 496 iiio.

93 518 144 572 Hic
154 534 204 571 sua
216 515 345 587 praeferri
358 532 524 587 quamquam
536 524 609 570 vetat
618 524 677 570 acta
689 517 820 586 paternis,

94 591 180 646 libera
193 590 264 645 sama
276 600 365 645 tamen
377 590 517 662 nullisque
527 589 646 645 obnoxia
657 592 743 644 iussis
878 602 880 641 1

94 668 215 721 invitum
227 665 353 736 praefert,
366 682 477 736 unaque
487 665 515 718 iu
525 674 601 735 parte
612 676 760 738 repugnat.

40 754 79 796 555
96 741 141 796 Sic
156 742 248 813 magni
260 738 334 793 cedit
344 740 435 794 titulis
445 740 659 812 Agamemnonis
669 741 784 796 Atreus:

94 818 185 889 Aegea
196 817 237 868 sic
247 815 379 877 Theseus,
395 816 436 868 sic
446 813 526 869 Pelea
538 815 624 869 vincit
634 815 770 870 Achilles.

94 892 228 962 Denique,
242 899 271 944 ut
283 890 420 960 excurpiis
431 890 506 961 ipsos
519 889 702 960 aequantibus
713 900 785 954 utar,

96 967 137 1020 sic
148 974 175 1019 et
184 964 318 1018 Saturnus
329 965 418 1018 minor
428 974 469 1019 est
480 965 553 1018 Iove.
580 965 703 1034 luppiter
711 983 791 1019 arces

95 1049 229 1111 temperat
238 1039 373 1093 aetherias
387 1050 413 1093 et
423 1038 520 1093 mundi
531 1056 613 1111 regna
624 1038 775 1093 triformis:

41 1127 80 1169 555
96 1124 165 1170 terra
177 1114 230 1167 sub
240 1114 374 1186 Augusto.
404 1114 482 1168 Pater
491 1121 533 1168 est
542 1122 569 1168 et
579 1121 666 1167 rector
677 1121 807 1185 uterque.

95 1192 138 1252 ut,
151 1205 261 1260 precor,
273 1190 380 1244 Aeneae
391 1190 519 1252 comites,
534 1188 639 1260 quibus
650 1188 725 1242 ensis
735 1199 762 1244 et
772 1190 848 1263 ignis

97 1273 247 1325 cesserunt,
260 1263 345 1334 dique
356 1264 503 1336 Indigetes,
518 1265 683 1336 genitorque
692 1262 810 1329 Quirine

96 1338 188 1401 Urbis,
201 1346 227 1392 et
239 1339 334 1392 invicti
345 1340 453 1411 genitor
462 1338 582 1394 Gradive
591 1337 712 1404 Quirini,

96 1414 234 1485 Vestaque
248 1413 393 1468 Caesareos
405 1414 475 1467 inter
484 1422 586 1467 sacrata
598 1421 721 1484 penateS,

43 1501 82 1545 555
97 1500 197 1545 etcum
209 1487 338 1542 Caesarea
350 1497 390 1551 tu,
402 1487 510 1542 Phoebe
521 1487 681 1553 domestice,
696 1488 786 1552 Vesta,

99 1565 205 1637 quique
216 1571 292 1617 tenes
303 1562 375 1618 altus
386 1564 514 1633 Tarpeias
526 1563 649 1633 Iuppiter
662 1580 748 1625 arces,

101 1656 227 1711 quosque
241 1639 308 1692 alios
321 1639 374 1692 vati
388 1637 427 1692 ias
441 1636 578 1709 appellare
590 1639 724 1708 piumque
735 1647 791 1692 est:

99 1714 174 1768 tarda
185 1714 222 1768 sit
236 1713 282 1767 1115
293 1713 353 1766 dies
364 1722 390 1767 et
401 1722 491 1767 nostro
503 1712 589 1766 serior
599 1729 676 1775 acv0‚

100 1807 153 1860 qua
165 1788 417 1860 caputbugustum,
430 1805 511 1858 quem
524 1796 664 1858 temperat,
675 1787 741 1841 orbe
753 1788 850 1842 relicto

45 1876 84 1917 stu
100 1863 210 1918 accedat
221 1863 306 1926 coelo,
320 1863 462 1933 faveatque
475 1863 652 1932 precantibus
662 1863 772 1916 absens,

137 1940 249 2009 lamque
260 1955 329 2008 opus
341 1938 431 2010 exegi,
444 1937 518 2007 quod
529 1938 657 1992 neciovis
668 1938 706 1991 ira
714 1938 850 2010 necignes

103 2030 152 2068 nec
164 2013 263 2083 poterit
274 2013 375 2066 ferrum
387 2029 437 2066 uec
451 2012 521 2066 edax
531 2011 640 2066 abolere
652 2021 784 2071 vetustas.

100 2087 191 2154 Quum
203 2088 284 2151 volet,
299 2087 345 2142 iila
357 2088 425 2150 dies,
438 2104 508 2157 quae
520 2088 558 2140 nii
571 2087 626 2141 nisi
637 2087 850 2158 corporisbuius

102 2165 147 2217 ius
159 2163 249 2227 habet,
263 2164 360 2216 incerti
372 2162 492 2233 spatium
503 2161 572 2215 mihi
584 2161 660 2216 finiat
671 2163 752 2237 aevia

46 2250 85 2291 tit
101 2248 176 2310 parte
189 2246 278 2292 tamen
290 2237 401 2291 meliore
412 2237 467 2291 moi
478 2254 562 2308 super
572 2236 625 2290 alta
638 2237 767 2306 perennis

103 2322 173 2367 astra
186 2312 265 2376 ferar,
278 2329 433 2383 nomenque
444 2311 495 2366 erit
506 2310 656 2366 indelebile
668 2320 805 2366 nostrum.

103 2387 218 2458 Quaque
233 2397 305 2458 patet
316 2388 427 2442 domitis
439 2387 558 2442 Romana
570 2388 690 2457 potentia
703 2388 795 2450 terris,

101 2479 148 2516 ore
164 2462 240 2534 legar
251 2463 356 2533 popuii,
370 2479 474 2533 perque
485 2463 575 2516 omnia
586 2460 697 2516 saecula
709 2461 792 2525 151115,

104 2538 128 2591 si
140 2537 209 2608 quid
221 2537 321 2593 habent
333 2540 390 2592 veri
401 2547 493 2591 vatum
505 2537 657 2610 praesagia,
670 2537 775 2592 vivam.

360 2636 593 2671 —40405—
