1876 3480
118 118 171 178 'tat
310 127 339 172 r.
360 124 678 199 ov1n11nauou1s

121 230 238 286 vertitur
248 228 277 283 in
288 227 423 301 proprias,
434 235 466 284 ut
478 244 509 283 se
519 226 590 283 mihi
603 226 729 294 misceat,
741 225 810 284 undr

120 304 197 360 Delia
207 305 283 376 rupit
293 303 425 369 humum,
438 303 528 359 caecis
539 320 591 378 ego
600 320 691 359 mersa
701 305 810 360 caverni

66 389 105 436 att
121 380 243 437 advehor
253 380 405 454 Ortygiam,
418 396 489 452 quae
499 397 544 434 me
554 379 721 454 cognomine
731 378 810 437 divar

122 465 198 532 grata
212 473 289 511 meae
300 473 415 529 superas
427 455 524 510 eduxit
533 455 624 528 prima
637 455 692 511 sub
703 453 810 511 auras)³

159 531 453 589 HacArethusatenus.
465 530 810 604 Geminosdeaiertilisanq

122 608 251 664 curribus
261 606 393 672 admovit,
408 606 551 680 frenisque
562 608 752 674 cotroniano,

122 693 149 741 et
158 684 281 739 medium
293 684 363 738 coeli
372 691 517 756 terraeque
527 700 577 756 per
587 685 648 738 ae'ra
658 691 739 739 vecta
750 693 803 751 est,

67 767 105 815 tit
120 770 202 833 atque
214 760 303 815 levem
314 776 426 813 currum
437 757 579 815 Tritonida
589 758 666 814 misit
676 760 707 814 in
718 759 810 814 urben

124 834 305 908 Triptolemo;
323 835 480 906 partimque
491 833 554 889 rudi
565 834 626 890 data
638 835 746 890 semina
757 835 810 890 iuss

124 929 253 986 spargere
268 911 367 974 humo,
390 910 491 982 partim
505 918 568 982 post
587 918 712 982 tempora
732 909 810 984 longa

551 1033 553 1036 r
619 986 720 1042 cultae.

125 1062 182 1115 lam
192 1078 277 1133 super
285 1062 414 1134 Europen
425 1060 555 1116 sublimis
566 1069 593 1116 et
601 1060 688 1116 Asida
699 1071 801 1117 terram

125 1145 222 1191 vectus
233 1145 290 1191 erat
300 1137 420 1201 iuvenis,
428 1135 629 1210 Scythicasque
640 1136 797 1194 advertitur
806 1157 810 1190 t

16 1262 19 1267 .
70 1222 109 1265 666
124 1210 184 1266 Rex
194 1212 234 1267 ibi
245 1213 356 1286 Lyncus
368 1220 435 1267 erat.
464 1210 548 1286 Regis
562 1213 640 1268 subit
649 1211 698 1267 ille
709 1222 810 1286 penate

86 1332 94 1344 .,
124 1285 183 1354 Qua
194 1288 286 1343 veniat
296 1304 478 1359 caussamque
488 1290 551 1343 viae
562 1305 720 1361 nomenque
730 1298 810 1363 rogat

125 1371 152 1417 et
161 1364 292 1434 patriam:
305 1361 407 1419 “Patria
418 1363 553 1418 estolarae
560 1363 640 1429 mihi,
648 1362 730 1429 dixit,
737 1363 810 1421 Athe

127 1439 312 1511 Triptolemus
323 1456 434 1494 nomen.
460 1439 531 1495 Veni
542 1456 592 1494 nec
603 1456 699 1513 puppe
710 1456 761 1513 per
772 1458 811 1495 un

126 1531 177 1569 nec
189 1515 259 1587 pede
268 1532 317 1587 per
327 1522 413 1570 terras
424 1536 429 1570 :
447 1515 537 1587 patuit
546 1515 617 1570 mihi
628 1516 744 1587 pervius
755 1516 810 1572 aeti

71 1599 110 1643 666
124 1590 199 1644 Dona
210 1591 267 1645 fero
282 1590 398 1655 Cereris,
411 1589 479 1646 latos
491 1607 560 1663 quae
572 1608 667 1662 sparsa
678 1608 730 1664 per
742 1609 810 1666 agro

127 1664 275 1738 frugiferas
286 1684 391 1720 messes
401 1667 587 1739 alimentaque
599 1667 677 1722 mitia
688 1666 807 1724 reddant

125 1740 261 1795 Barbarus
272 1740 387 1796 invidit:
405 1744 529 1814 tantique
539 1750 570 1797 ut
583 1743 708 1798 muneris
719 1753 810 1798 auctor

127 1817 188 1887 ipse
198 1817 243 1879 sit,
257 1815 377 1888 hospitio
389 1819 495 1889 recipit,
512 1835 665 1890 somnoque
676 1826 810 1892 gravatur

126 1891 286 1964 aggreditur
297 1890 378 1947 ferro.
412 1893 561 1949 Conantem
573 1893 658 1969 figere
668 1903 769 1964 pectus

72 1976 110 2020 666
129 1965 210 2039 lynca
222 1965 304 2022 Ceres
315 1966 394 2022 iecit:
412 1987 565 2042 rursusque
575 1986 625 2042 per
634 1971 697 2024 aera
708 1971 795 2025 iussit

127 2043 302 2114 Mopsopium
313 2043 443 2098 iuvenem
453 2062 544 2100 sacros
556 2045 660 2118 agitare
671 2044 802 2118 iugales?

166 2118 288 2173 Finierat
297 2118 385 2173 dictos
397 2120 503 2174 euobis
517 2121 637 2176 maxima
648 2129 758 2175 cantus.

127 2192 162 2249 tt
171 2193 311 2268 nymphae
323 2195 424 2249 vicisse
436 2194 500 2250 deas
510 2193 778 2251 Helicona'colentes

128 2269 257 2326 concordi
268 2269 363 2325 dixere
374 2286 451 2325 sono.
482 2271 612 2327 Convicia
625 2272 713 2327 victae

73 2354 112 2398 666
128 2360 215 2417 quum
226 2345 356 2402 iacerent.
370 2345 528 2412 ‘Quoniam
544 2346 626 2411 dixit,
639 2347 810 2402 certamine*

129 2421 301 2492 supplicium
325 2421 460 2477 meruisse
485 2440 583 2494 parum
608 2431 650 2477 est
679 2421 810 2478 maledici

625 2497 725 2569 culpae

130 2567 241 2634 additis,
254 2580 281 2627 et
291 2589 345 2626 non
356 2581 397 2628 est
408 2574 540 2644 patientia
552 2572 637 2629 libera
649 2573 744 2628 nobis:

131 2644 235 2698 ibimus
248 2647 276 2700 in
287 2664 400 2718 poenas,
413 2657 439 2702 et
450 2665 504 2721 qua
515 2649 655 2714 vocarint,
667 2666 810 2720 sequemur
