1876 3480
147 125 179 176 26
328 127 359 175 Ρ.
379 122 508 176 ovum
525 124 692 173 nanctus

147 228 258 283 brachia
268 228 399 299 porrexit,
411 233 595 298 spectansque
602 226 638 282 ad
648 225 752 281 lumina
762 223 845 280 solis:

148 305 213 357 »Per
223 303 302 357 iubar
312 301 373 366 boc,
385 303 486 373 inquit,
502 301 587 356 radiis
597 303 707 374 insigne
717 301 850 364 coruscis,

147 386 218 442 nate,
231 377 282 431 tibi
293 378 363 441 iur'o,
376 377 449 448 quod
460 393 509 432 nos
520 376 652 448 auditque
662 375 803 446 videtque,

93 464 132 505 770
146 452 199 507 hoc
209 461 245 518 te,
253 469 336 523 quem
347 459 463 522 spectas,
471 451 523 506 hoc
532 459 568 515 te,
582 451 630 522 qui
641 451 774 521 temperat
784 449 888 513 orbem,

148 527 210 582 Sole
221 536 320 581 satum.
340 526 370 580 Si
381 526 442 580 licta
454 526 559 598 loquor,
576 534 657 598 neget
667 526 727 596 ipse
737 524 890 580 videndum

149 620 178 656 se
193 603 276 667 mihi,
293 603 385 672 sitque
394 600 483 655 oculis
495 601 544 655 lux
554 601 606 655 ista
616 601 768 655 novissima
777 600 888 654 nostris.

149 679 205 731 Nec
216 675 314 749 longus
325 677 427 747 patrios
439 674 515 730 labor
525 675 626 730 esttibi
637 691 718 729 nosse
728 683 851 746 penates.

148 751 225 806 Unde
235 753 330 814 oritur,
337 757 424 805 terrae
435 750 531 806 domus
542 758 583 805 est
593 751 760 804 contermina
771 757 889 804 nostrae.

21 890 23 895 Ι
92 836 132 879 775
150 825 451 889 Simodoiertanimus,
462 824 890 898 gradere,eteoitabereabipsota

146 901 252 955 Emicat
263 899 400 971 extemplo
411 899 500 955 laetus
509 908 571 970 post
580 898 644 954 talia
655 900 750 953 matris

150 975 222 1030 dicta
235 992 301 1029 suae
311 974 450 1028 Phaethon
461 983 488 1029 et
498 975 618 1045 concipit
626 973 735 1028 aethera
745 980 847 1037 mente,

147 1048 352 1120 Aethiopasque
363 1066 436 1112 suos,
452 1051 611 1120 positosque
621 1048 673 1103 sub
684 1048 797 1120 ignibus
808 1046 890 1105 indos

150 1125 264 1178 sidereis
275 1126 380 1187 transit,
392 1125 549 1195 patriosque
558 1124 614 1178 adit
625 1124 744 1195 impiger
753 1131 840 1177 onus.

325 1296 448 1356 LIBER
483 1296 713 1358 SECUNDUS.

151 1407 239 1487 Regia
250 1413 321 1469 Solis
332 1425 389 1471 erat
398 1415 565 1470 sublimibus
575 1415 629 1468 alta
640 1412 785 1476 columnis,

150 1490 221 1544 clara
231 1491 349 1545 micante
359 1508 424 1545 auro
434 1489 611 1560 flammasque
622 1490 745 1543 imitante
755 1501 870 1559 pyropo,

150 1567 230 1619 cuius
241 1565 310 1619 ebur
320 1566 439 1620 nitidum
450 1564 559 1637 fastigia
569 1581 676 1617 summa
686 1561 804 1635 tegebat,
862 1557 865 1563 ’

152 1640 256 1711 argenti
268 1638 369 1693 bifores
381 1638 522 1693 radiabant
533 1638 636 1691 lumine
646 1636 752 1691 valvae.

96 1725 108 1766 5
151 1715 291 1768 Materiem
302 1713 450 1783 superabat
457 1730 541 1783 opus3
559 1729 622 1766 nam
632 1711 766 1766 Mulciber
775 1709 836 1764 illic

151 1803 268 1856 aequora
278 1786 394 1841 caelarat
404 1787 508 1841 medias
519 1786 656 1858 cingentia
667 1794 763 1849 terras,

153 1871 341 1932 terrarumque
360 1861 468 1925 orbem,
489 1860 652 1931 coelumque
672 1859 746 1931 quod
766 1858 893 1913 imminet

641 1934 712 1988 orbi.

154 2006 299 2063 Caeruleos
310 2008 392 2062 habet
402 2008 475 2063 unda
485 2008 559 2072 deos,
573 2008 682 2064 Tritona
692 2024 832 2070 canorum,

153 2083 302 2154 Proteaque
310 2083 471 2154 ambiguum
481 2081 712 2153 balaenarumque
722 2090 892 2153 prementem

99 2170 123 2210 to
154 2158 297 2229 Aegaeona
308 2157 366 2210 suis
378 2157 507 2211 immania
517 2165 591 2229 terga
602 2157 719 2219 lacertis,

154 2232 306 2302 Doridaque
316 2240 343 2286 et
353 2239 438 2295 natas,
451 2248 567 2304 quarum
576 2248 640 2301 pars
650 2248 715 2285 nare
725 2229 844 2293 videtur,

154 2323 216 2375 pars
227 2308 255 2359 in
267 2305 338 2360 mole
349 2305 447 2360 sedens
458 2305 560 2359 virides
571 2305 673 2360 siccare
683 2304 808 2375 capillos,

155 2381 230 2449 pisce
240 2380 305 2433 vehi
316 2380 460 2452 quaedam.
490 2380 584 2434 Facies
595 2397 649 2434 non
659 2378 788 2434 omnibus
799 2394 863 2441 una,

153 2470 203 2505 nec
214 2454 322 2508 diversa
332 2464 435 2521 tamen3
460 2453 569 2526 qualem
579 2453 657 2508 decet
676 2470 736 2508 esse
756 2469 891 2508 sororum.

99 2539 123 2579 15
155 2529 234 2580 Terra
246 2529 318 2581 viros
328 2530 466 2600 urbesque
477 2529 547 2601 gerit
557 2528 697 2600 silvasque
709 2527 838 2598 ferasque

154 2600 321 2672 fluminaque
332 2611 358 2657 et
368 2602 504 2676 nymphas
515 2611 542 2657 et
551 2612 655 2658 caetera
674 2603 789 2658 numina
809 2602 894 2657 ruris.
