1876 3480
390 40 409 79 0

160 139 211 193 256
347 141 375 188 1³.
395 139 524 189 ovum
542 138 715 187 Nasutus

159 246 286 322 protinus
294 245 325 302 in
335 242 417 301 silvis
426 251 527 301 matres
536 242 677 300 Edonidas
687 260 794 309 omnes,

105 339 130 381 tu
160 342 232 398 quae
243 322 332 380 fecere
342 319 429 387 nefas,
444 329 513 376 torta
523 319 616 376 radice
627 320 737 395 ligavit.

161 400 271 473 Quippe
290 397 393 472 pedum
407 396 525 472 digitos,
544 398 574 453 in
589 405 895 471 quantumestquaeque
934 402 936 406 '

302 515 304 520 -
658 483 764 538 secuta,

160 553 253 617 traxit,
266 551 330 607 etin
341 547 460 606 solidam
469 548 588 605 detrusit
597 551 727 606 acumine
738 559 844 606 terram.
934 582 937 589 ·

161 631 252 702 thue
262 644 347 683 auum
357 625 475 699 laqueis,
487 642 558 699 quos
563 624 683 681 callidus
689 625 892 697 abdiditaucep,

162 724 226 761 crus
236 704 286 761 ubi
300 703 439 760 commisit
452 701 583 767 volucris,
596 703 742 775 sensitque
752 703 846 766 teneri,
934 764 937 771 ,

105 797 131 838 tt
161 781 312 856 plangitur,
324 797 356 836 ac
367 778 510 852 trepidans
520 777 669 853 adstringit
679 780 793 836 vincula
804 787 879 835 motu:
934 808 935 845 3

163 860 214 924 sic,
226 867 257 913 ut
267 873 395 930 quaeque
404 854 464 912 solo
473 853 563 911 defixa
573 855 733 912 cohaeserat
741 855 845 921 harum,
934 881 936 887 ·

161 943 315 991 exsternata
326 933 421 1008 lugam
434 931 534 989 trustra
545 931 675 988 tentabat.
705 931 742 989 Aa
754 931 831 989 illam

164 1012 237 1068 lenta
248 1019 323 1067 tenet
332 1009 422 1076 radix,
434 1009 675 1082 exsultantemque
686 1011 804 1065 coercet.
934 1046 936 1071 .

162 1090 289 1161 Dumque
300 1085 350 1142 ubi
361 1086 418 1141 sint
427 1084 523 1161 digiti,
541 1084 607 1140 dum
618 1101 668 1159 pes
679 1085 746 1151 ubi,
760 1085 896 1160 quaeritet

659 1178 699 1216 un
741 1179 781 1229 es,
935 1226 937 1233 ‚

109 1253 134 1297 to
163 1238 283 1312 adspicit
294 1239 324 1293 in
334 1245 435 1294 teretes
446 1236 555 1313 lignum
566 1179 819 1308 succederlluran
864 1268 868 1273 ·

165 1325 192 1373 et
200 1323 295 1372 conata
305 1313 395 1371 lemur
404 1314 538 1371 moerenti
548 1313 681 1389 plangere
694 1314 802 1380 dextra,

162 1394 259 1450 robora
269 1391 416 1466 percussit.
446 1392 545 1447 Pectus
555 1407 667 1464 quoque
679 1391 779 1448 robora
794 1390 866 1447 liunt:
934 1436 937 1447 .

164 1469 260 1527 robora
270 1477 336 1524 sunt
348 1467 468 1534 humeri,
480 1476 661 1540 porrectaque
670 1467 786 1524 brachia
797 1482 866 1525 veroa
895 1506 898 1511 -

163 1564 225 1602 esse
238 1554 319 1619 putes
329 1561 429 1609 ramos,
442 1552 469 1599 et
479 1561 533 1599 non
545 1542 640 1600 fallare
651 1543 786 1615 putando.
937 1595 938 1600 ,

109 1634 133 1677 85
162 1625 219 1678 Nec
239 1621 306 1677 satis
326 1621 378 1677 hoc
392 1619 499 1676 Baccho
513 1628 568 1676 est:
590 1620 666 1692 ipsos
682 1636 796 1694 quoque
814 1616 897 1677 deserit

660 1712 752 1770 agros,

165 1791 285 1846 cumque
295 1773 379 1829 choro
388 1771 501 1828 meliore
512 1773 557 1829 sui
569 1773 661 1828 vineta
672 1772 775 1829 Timoli

162 1848 347 1923 Pactolonque
358 1851 436 1922 petit,
452 1849 582 1922 quamvis
592 1865 647 1904 non
657 1866 760 1904 aureus
770 1848 818 1906 illo

161 1936 294 1999 tempore,
307 1942 358 1981 nec
368 1926 439 1982 caris
449 1933 506 1981 erat
516 1924 674 1981 invidiosus
687 1926 791 1981 arenis.

162 2004 241 2060 llunc
255 2011 363 2058 assueta
378 2001 476 2058 cohors
491 2002 576 2076 satyri
591 2000 770 2074 bacchaeque
787 2001 896 2074 frequen
935 2052 937 2059 ,

661 2086 730 2134 tant.

107 2168 133 2210 so
158 2157 193 2212 At
203 2154 314 2211 Silenus
324 2153 412 2210 abest.
443 2153 620 2209 'litubantem
632 2155 771 2228 annisque
786 2165 895 2224 meroque

164 2232 298 2287 ruricolae
309 2247 407 2304 cepere
416 2229 550 2304 Phryges,
563 2229 747 2304 vinctumque
756 2230 858 2287 coronis

163 2308 197 2363 ad
207 2325 301 2383 regern
312 2306 416 2361 duxere
427 2305 530 2370 Midan,
543 2307 589 2360 cui
600 2306 735 2362 Thracius
746 2306 866 2381 Orpheus
937 2323 938 2331 ¹

164 2386 240 2458 orgia
254 2383 403 2439 tradiderat
415 2399 478 2438 cum
490 2381 622 2455 Cecropio
632 2383 781 2456 Eumolpo.
933 2382 935 2389 '

164 2459 216 2526 Qui
229 2459 312 2514 simul
324 2459 437 2534 agnovit
446 2458 553 2514 socium
568 2459 756 2532 comitemque
766 2468 893 2516 sacrorum
923 2460 936 2509 i

108 2547 133 2589 95
159 2535 278 2608 hospitis
289 2536 409 2591 adventu
420 2533 522 2590 festum
532 2534 678 2608 genialiter
688 2536 748 2610 egit
937 2547 938 2552 ’

166 2629 214 2683 per
225 2612 269 2666 bis
280 2613 405 2684 quinque
414 2611 475 2666 dies
486 2621 513 2666 et
523 2612 630 2666 iunctas
640 2611 738 2667 ordine
750 2620 849 2667 noem.
932 2652 936 2658 .

158 2689 263 2746 Etiam
278 2688 424 2746 stellarum
432 2687 555 2744 sublime
562 2689 688 2759 coegerat
699 2705 801 2761 agmen
930 2696 933 2705 ⁴
