1876 3480
123 138 174 201 000
285 142 313 209 p.
334 140 462 213 ovrnrr
479 140 648 213 00000000

123 247 258 325 sustinui,
270 254 426 323 euntemque
436 260 525 313 meam
534 244 663 321 vovistis,
674 241 715 305 lc
737 243 785 311 ivi,

123 333 151 380 et
159 331 266 399 vestrae
277 320 388 399 ¹valuere
401 338 507 395 preces.
540 319 570 385 Si
581 318 716 394 quaeritis
741 316 810 395 ‚uiue

66 412 92 455 00
122 390 260 479 fortubairi
272 396 390 530 puppas,
404 402 459 453 non
470 414 532 473 sum
542 405 690 471 superatus
700 395 736 473 pb
748 393 806 461 illo.

121 472 193 547 Eece
208 472 300 557 lerupt
333 475 393 531 rods
407 472 566 546 ferrumque
576 474 714 547 ignesque
725 472 860 549 lovemque

123 555 152 607 in
162 551 267 607 Danaas
278 548 394 606 classes:
412 549 461 609 ubi
475 558 541 623 tune
556 547 693 605 facundus
703 532 816 617 ,Ulixesl

121 628 227 699 Nempe
238 642 289 702 ego
300 623 376 681 mille
387 641 448 697 meo
458 626 565 698 protexi
576 634 685 699 pectere
696 640 814 699 puppes,

124 719 202 775 spem
217 703 302 758 vestri
317 701 433 757 reditus.
456 702 534 773 bate
545 707 584 756 tot
596 718 646 773 pro
657 698 778 763 navibus
788 713 859 761 arma.

66 790 92 832 05
122 778 236 846 Quodsi
247 768 311 833 v'era
322 776 386 833 licet
397 777 466 855 pribi
477 777 579 842 didere,
591 776 735 849 quaeritur
745 774 814 847 istis,

123 869 208 932 quam
226 854 311 925 mihi,
334 855 422 923 maior
435 838 536 923 bonus,
567 853 770 929 coniunctaque
786 848 860 925 gloria

619 935 773 991 nostraest,

124 1014 206 1077 atque
218 1004 289 1060 Aiax
297 1005 391 1077 armis,
406 1021 460 1060 non
471 1003 549 1079 Aiaci
559 1022 634 1061 arma
644 1012 787 1079 petuntur.

123 1079 249 1136 Conferat
257 1079 302 1135 his
311 1080 422 1136 Ithacus
430 1080 554 1151 llbesum
564 1079 763 1155 imbellemque
773 1079 859 1135 Dolona

123 1155 509 1231 Priamidenquellelenumra
530 1150 859 1231 tacumPalladecp'ptum·

68 1242 107 1285 000
122 1233 195 1286 Luce
206 1230 277 1287 nihil
288 1230 398 1306 gestum
410 1242 464 1303 est,
483 1175 554 1288 nibil
568 1242 609 1289 est
618 1230 750 1306 Dipprede
760 1238 859 1289 remoto.

123 1305 153 1363 Si
164 1306 249 1365 semel
261 1308 313 1362 ista
323 1306 394 1379 datis
404 1308 511 1385 meritis
522 1318 577 1364 tam
587 1306 694 1385 vilibus
704 1327 788 1439 ppma,

123 1383 248 1448 dividite,
262 1392 289 1439 et
298 1401 362 1457 pars
373 1384 409 1439 sit
420 1386 507 1440 maior
516 1384 655 1457 Diomedis
666 1385 696 1445 in
707 1403 717 1441 1
730 1383 775 1443 lis.

124 1458 184 1545 Quo
199 1468 290 1516 tamen
308 1460 375 1537 baec
390 1458 501 1535 ithace?
519 1461 568 1533 qui
589 1459 675 1525 c'lam,
697 1462 746 1533 qui
766 1474 861 1538 semper

619 1553 734 1597 inermis

126 1629 183 1666 rem
195 1613 265 1684 gerit
275 1622 302 1667 et
312 1610 393 1667 furtis
404 1613 545 1667 incautum
556 1611 660 1684 decipit
670 1610 795 1669 hostem?

70 1698 109 1740 105
125 1688 186 1758 lpse
198 1689 270 1742 nitor
280 1687 374 1761 galeae
384 1687 458 1743 01000
472 1687 604 1742 radiantis
614 1689 648 1742 ab
660 1706 726 1745 auro

124 1762 240 1817 insidias
252 1763 357 1834 prodet,
369 1762 610 1835 manifestabitque
621 1762 761 1819 latentem.

126 1837 179 1893 Sed
191 1855 279 1910 neque
289 1838 435 1894 Dulichius
448 1839 501 1894 sub
514 1839 631 1894 Achillis
643 1840 751 1895 casside
763 1846 847 1894 vertex

124 1914 243 1986 pondera
254 1923 327 1969 tanta
339 1914 416 1979 leret,
429 1933 544 1970 necnon
555 1933 668 1970 onerosa
679 1917 824 1989 gravisque

124 1990 213 2045 Pelias
224 1991 300 2045 basta
311 2000 400 2062 potest
410 1990 572 2046 imbellibus
583 2009 643 2046 esse
657 1991 774 2056 lacertis,

73 2077 111 2118 000
125 2084 177 2121 nec
187 2065 312 2139 clypeus,
324 2069 396 2122 vasti
406 2066 526 2122 caelatus
536 2066 657 2141 imagine
668 2067 777 2134 muudi,

126 2143 271 2197 conveniet
281 2143 393 2198 timidae
403 2151 537 2214 nataeque
547 2143 581 2197 ad
596 2141 667 2201 furta
680 2143 815 2199 sinistrae.

125 2218 338 2273 Debilitaturum
349 2219 417 2292 quid
428 2227 453 2273 te
464 2219 544 2290 petis,
558 2218 692 2290 improbe,
705 2215 821 2279 munus‘l

127 2294 200 2364 quod
211 2294 263 2349 tibi
273 2295 297 2348 si
308 2293 404 2366 populi
414 2294 556 2349 donaverit
567 2313 642 2350 error
651 2294 761 2358 Achivi,

126 2386 175 2422 cur
185 2369 323 2441 spolieris,
336 2371 397 2434 erit,
410 2388 464 2425 non
476 2387 525 2424 cur
535 2371 665 2425 metuaris
676 2370 711 2425 ab
723 2371 807 2427 hoste.

71 2455 110 2496 115
124 2443 159 2497 Et
169 2444 243 2517 luga,
256 2463 310 2517 qua
321 2445 378 2500 sola
390 2455 511 2509 cunctos,
525 2446 712 2510 timidissime,
726 2446 820 2506 vincis,

128 2520 203 2574 tarda
215 2520 304 2575 lutura
319 2523 370 2576 tibi
381 2529 422 2576 est
431 2522 582 2595 gestamina
593 2530 666 2577 tanta
676 2523 802 2578 trahenti.

126 2594 212 2658 Adde,
226 2597 300 2667 quod
310 2599 362 2653 iste
372 2607 445 2662 tuus,
462 2606 515 2652 tam
527 2615 585 2652 0000
597 2597 698 2670 proelia
711 2615 814 2670 passus

123 2670 232 2747 integer
242 2681 284 2728 est
294 2674 425 2751 clypeus:
440 2681 548 2739 nostro,
559 2675 608 2745 qui
618 2673 671 2728 tela
684 2672 793 2729 ferendo
