1876 3480
107 173 108 176 =
127 143 173 196 t3t
308 148 335 192 Ρ.
356 146 485 194 ovum
503 147 675 195 Nasonis

122 260 178 306 tam
191 250 302 306 subitae
312 258 428 305 matrem
437 257 539 304 certam
550 248 640 304 leoena
650 250 749 309 minae

124 329 268 383 mirantem
279 325 412 399 potuisse,
427 325 657 398 trementemque,
669 327 814 399 quodauai

66 415 107 460 27⁰
122 404 174 460 hoo
188 411 280 458 essent
287 401 397 475 Superi,
409 401 483 473 quod
492 410 598 456 tantum
609 402 680 459 iuris
690 400 830 462 bobemnt.

123 482 192 536 Nam
203 488 280 553 pater
291 478 440 551 Amphion,
454 477 526 532 terro
536 494 586 550 per
595 487 696 550 pectus
705 479 802 537 adnoto

122 557 230 611 linierat
240 554 361 610 moriens
372 554 475 627 pariter
484 571 549 608 oum
560 553 623 609 luno
634 553 769 611 dolorum.

123 634 182 688 llen
193 640 327 704 quantum
336 630 404 686 haec
414 629 502 685 Niobe
514 630 602 685 Niobe
615 630 741 687 distabat.
747 631 782 691 ab
791 631 844 696 illa,

124 726 195 781 quae
205 706 287 763 modo
296 707 388 762 Lato'r's
398 704 533 778 populum
544 706 722 765 submoverat
732 708 798 773 aris,

67 798 107 841 275
122 794 148 840 et
160 784 279 840 mediam
289 782 389 839 tulerat
398 799 511 856 grossus
522 783 653 854 resupina
664 800 716 854 por
725 783 832 848 urbem,

125 860 261 916 invidiosa
271 858 344 916 suis:
362 867 390 913 at
400 875 474 913 nuno
484 857 696 915 miseranda-vol
708 859 797 919 bostil

123 937 290 1008 Corporibus
300 934 402 1010 gelidis
412 933 558 999 incumbit,
571 942 598 988 et
606 933 706 995 ordine
716 935 795 992 nullo

124 1010 218 1067 oscula
228 1010 369 1084 dispensat
378 1017 456 1065 natos
469 1027 598 1082 suprema
608 1027 658 1082 per
667 1028 777 1069 omnes.

124 1088 146 1144 t
157 1087 260 1160 quibus
271 1087 306 1142 ad
315 1085 423 1142 coelum
433 1084 548 1143 liventia
557 1086 675 1145 braobiu
681 1086 794 1152 tollens,

67 1177 107 1220 280
123 1181 258 1236 »pascere
272 1161 403 1227 erudelis,
416 1171 518 1227 nostro,
530 1163 643 1228 Latona,
655 1162 761 1229 dolore,

125 1239 256 1316 [pascere
268 1239 315 1303 ait,
327 1239 452 1311 satiaqne
462 1255 523 1295 meo
536 1247 583 1295 tua
593 1247 705 1311 pectora
716 1237 822 1314 luotuzl

126 1333 227 1387 corque
238 1314 327 1370 lerum
337 1315 415 1378 satia,
428 1315 509 1371 dixit.
539 1314 592 1371 Per
601 1314 819 1389 taneraseptsm

124 1391 229 1448 efferor.
259 1390 384 1455 Exsulta,
397 1391 841 1465 victrixquoinimiontriumpbr.

123 1469 178 1525 Cur
187 1477 277 1523 autern
287 1465 407 1522 viotrix‘?
417 1468 535 1523 Miserae
543 1467 616 1525 mibi
625 1466 863 1542 plurasuporsunt

67 1556 107 1600 285
123 1563 206 1616 quam
217 1545 268 1599 tibi
280 1542 365 1598 felici.
393 1543 458 1597 Post
467 1550 505 1597 tot
515 1558 627 1616 quoque
638 1543 736 1600 funera
746 1547 848 1600 vincor

124 1622 242 1685 Dixerat,
256 1628 283 1675 et
293 1620 387 1674 sonuit
396 1627 522 1675 contento
533 1636 636 1676 nervus
646 1620 682 1675 ab
692 1639 770 1686 arcu,

124 1697 173 1767 qni
184 1704 290 1768 praeter
298 1695 405 1750 Nioben
416 1712 500 1750 unam
510 1697 663 1752 conterruit
670 1714 780 1753 omnes.

124 1771 174 1826 llla
183 1771 255 1827 malo
267 1780 308 1827 est
317 1771 418 1826 audax.
447 1770 561 1828 Stabant
570 1789 634 1827 oum
646 1773 774 1829 vestibus
785 1775 846 1830 atris

123 1856 184 1902 ante
195 1856 267 1902 toros
278 1846 392 1903 fratrum
402 1847 524 1903 demisso
534 1849 610 1903 crine
620 1865 740 1904 sorores.

69 1936 108 1979 290
123 1925 144 1979 E
155 1923 259 1995 quibus
268 1941 323 1978 una
333 1923 447 1978 trahens
455 1924 594 1980 haerentia
604 1925 712 1980 visoere
725 1925 781 1982 tela

127 2001 254 2072 imposito
265 1998 341 2054 tratri
352 1999 517 2056 moribunda
530 2000 669 2074 relanguit
678 2018 737 2057 ore.

123 2075 213 2131 Altera
224 2074 307 2132 solari
320 2076 450 2130 miseram
460 2085 555 2133 conata
564 2085 708 2149 parentem

125 2153 257 2207 continuit
267 2152 368 2216 subito,
380 2151 576 2225 duplicataque
586 2152 703 2209 vulnere
714 2171 798 2211 oaeoo
808 2163 855 2209 ast.

127 2227 246 2304 [Oraque
256 2228 428 2300 compressit,
441 2229 497 2283 nisi
507 2238 654 2302 postquam
665 2230 784 2301 spiritus
795 2225 867 2302 exit]

69 2317 108 2359 295
123 2307 195 2360 llaec
205 2304 305 2360 frustra
315 2304 426 2378 lugiens
437 2303 596 2361 collabitur:
616 2304 664 2361 illa
673 2307 763 2363 sorori

126 2382 290 2437 immoritur.
324 2383 401 2436 Latet
414 2381 496 2436 baec:
513 2379 591 2437 illam
601 2381 740 2454 trepidare
752 2383 869 2439 videres.

126 2455 236 2528 Sexque
246 2457 317 2512 datis
329 2456 382 2513 leto
395 2457 561 2529 diversaque
570 2457 686 2513 vulnera
697 2459 792 2529 passis

126 2531 223 2588 ultima
237 2534 364 2589 restabat.
394 2532 482 2600 Quam
492 2541 547 2588 toto
556 2551 669 2606 corpore
680 2542 778 2599 mater,

127 2615 180 2662 tota
190 2618 267 2664 veste
280 2619 389 2683 tegens:
410 2610 510 2664 »Unam
521 2611 721 2682 minimamque
731 2610 872 2683 relinque!

70 2695 111 2738 3⁰⁰
125 2683 160 2739 de
168 2683 265 2740 multis
278 2687 422 2742 minimam
433 2702 524 2760 poseo,
537 2685 675 2750 clamavit,
687 2695 715 2742 et
724 2704 837 2743 unam.»
