1876 3480
126 117 173 171 666
315 121 343 167 a.
364 80 681 173 omunstatuue
760 84 763 89 ¹
853 92 856 99 ’

122 241 173 281 666
184 234 220 290 66,
232 240 331 299 magne
344 229 431 297 pater,
447 221 534 279 nestri
544 221 632 296 pudet
641 239 705 287 esse
716 232 873 297 parentem

121 309 169 358 aut
182 299 254 356 mihi
267 298 352 355 redde
365 316 456 364 meos,
479 306 527 371 aut
543 315 588 362 me
601 315 714 429 queque
725 300 817 358 cende
832 318 877 359 66-

642 373 738 431 uere?

122 451 172 508 Ille
183 460 275 508 uotam
285 449 393 525 fuigore
404 449 482 505 dedit
491 390 651 522 tonitruqtfe
660 451 796 511 secunde.
842 496 847 502 .

67 538 106 583 666
118 527 255 600 ς66666666,
271 528 383 599 sintque
393 525 446 582 ista
460 526 557 597 precor
567 523 660 582 felicia
668 528 773 587 mentis

123 605 203 678 signa
214 611 286 668 tuae,
298 601 372 657 dixi:
390 601 466 674 quod
475 601 524 656 das
535 600 615 672 mihi,
630 602 765 676 pigneror
777 604 877 661 emen?

37 730 40 735 ,
123 682 203 737 Forte
212 678 266 734 fuit
276 679 353 743 iuxta
363 676 467 750 patulis
476 677 619 733 rarissima
628 678 715 737 ramis

125 773 202 812 sacra
212 755 271 811 lovi
282 770 403 827 quercus
413 752 448 809 de
458 753 565 809 semine
574 752 731 811 Dodonaeo.

123 834 175 888 Hic
186 848 236 886 666
247 828 401 904 frugilegas
411 829 574 902 aspeximus
583 829 697 904 agmine
706 829 793 905 lenge

69 919 108 964 666
123 907 227 983 grande
238 924 309 964 onus
318 906 421 981 exiguo
432 903 561 967 formicas
571 921 618 963 cra
627 914 768 980 gerentes,

125 999 282 1058 rugosoque
292 999 376 1037 suum
386 988 528 1041 servantes
538 981 641 1038 cortice
650 980 761 1040 callem.

94 1117 97 1122 ,
125 1055 879 1131 Damnumerummiror,‘Tetidem,patercptimediai,

125 1145 154 1191 tu
165 1134 236 1190 mihi
247 1133 281 1189 da
294 1134 381 1199 cives,
398 1141 425 1188 et
437 1132 531 1189 inania
541 1133 651 1189 moenia
663 1132 800 1207 supple.'·

126 1210 280 1275 Intremuit,
291 1210 432 1281 ramisque
442 1225 542 1269 sonum
552 1208 615 1268 sine
623 1205 735 1268 flamine
746 1210 832 1267 metis

71 1298 111 1343 666
127 1286 181 1342 alta
192 1284 269 1341 dedit
279 1302 409 1358 quercus.
439 1283 544 1354 Pavido
554 1283 625 1341 mihi
634 1284 760 1343 membra
771 1286 871 1343 timere

127 1364 303 1426 horruerant,
330 1359 496 1434 stabantque
518 1376 623 1424 mmae.
653 1362 765 1419 ‚Tamen
785 1361 885 1419 maula

627 1444 715 1493 terrae

130 1513 334 1586 roboribusque
344 1511 424 1572 dedi:
437 1528 489 1569 uec
499 1529 544 1569 me
554 1522 666 1584 sperare
677 1510 798 1581 fatebar3

129 1589 275 1662 sperabam
285 1597 387 1653 tamen,
400 1596 483 1660 atque
492 1588 585 1645 anime
595 1604 656 1644 mea
667 1596 731 1644 veta
742 1587 883 1645 ferebam.

128 1666 190 1720 Nox
200 1665 285 1733 subit,
303 1672 330 1725 et
339 1664 414 1719 curis
426 1664 548 1719 exercita
558 1681 671 1736 corpora
682 1681 800 1721 sumnus

73 1753 113 1798 666
127 1748 253 1812 occupat.
270 1740 341 1807 Ante
351 1737 447 1801 oculos
458 1738 555 1802 eadem
563 1739 635 1800 mihi
648 1740 882 1812 quercueadesee,

129 1825 156 1873 et
166 1832 256 1871 ramos
267 1815 382 1877 totidem
391 1814 561 1890 totidemque
572 1814 703 1873 animalia
714 1816 801 1872 ramis

129 1892 200 1947 ferre
214 1891 273 1947 suis
285 1892 345 1951 visa
356 1901 407 1957 est,
419 1892 578 1963 pariterque
588 1891 748 1949 tremiscere
759 1900 847 1957 metu,

130 1967 358 2043 graniferumque
369 1985 468 2041 agmen
479 1966 614 2023 subiectis
619 1983 751 2041 spargere
756 1967 787 2023 in
793 1967 884 2025 arvia:

130 2061 253 2099 crescere
264 2043 339 2116 quod
350 2043 443 2099 subite
454 2052 481 2100 et
491 2043 582 2099 maius
593 2042 741 2116 maiusque
756 2043 857 2108 videri,

76 2127 115 2175 666
130 2137 161 2176 66
171 2138 201 2177 66
212 2118 308 2177 tollere
321 2119 417 2184 humo,
429 2128 560 2192 recteque
570 2117 703 2179 adsistere
714 2127 824 2184 666666,

132 2205 159 2251 66
169 2196 285 2253 maciem
300 2212 503 2268 numerumque
518 2195 622 2267 pedum
631 2195 802 2269 nigrumque
812 2195 889 2250 cofe-

631 2287 691 2327 rem

133 2364 247 2418 ponere,
263 2355 290 2403 et
302 2347 452 2415 humanam
469 2346 602 2402 membris
613 2345 746 2402 inducere
758 2345 888 2403 formam.

134 2421 253 2478 Somnus
264 2423 331 2479 abit.
361 2424 465 2480 Damno
476 2421 598 2496 vigilans
609 2439 670 2481 mea
682 2423 752 2488 visa,
772 2439 889 2494 queror-

653 2515 687 2555 ue

135 2573 164 2626 in
175 2570 289 2644 Superis
299 2574 361 2646 epis
371 2591 432 2631 6666
445 2572 528 2637 nihil.
558 2572 594 2634 At
602 2515 761 2631 inqaedibus
770 2575 873 2648 ingena

79 2655 119 2703 666
130 2665 256 2705 murmur
261 2658 466 2724 erat,vecesque
472 2649 617 2713 hominum
623 2649 890 2715 cxaudirevidehar,
