1876 3480
120 115 169 170 324
305 120 333 165 Ρ.
353 118 483 168 ovtnn
500 120 670 167 NASONIS

119 221 246 277 Telemus
256 219 430 295 Eurymides,
443 237 526 294 quem
535 218 613 277 nulla
624 219 759 278 fefellerat
766 221 828 287 ales,

118 295 270 352 terribilem
284 295 471 371 Polyphemon
490 295 561 361 adit,
578 294 767 371 ‘Lumenque,
787 294 852 371 quod

611 387 701 428 unum

119 445 205 500 fronte
215 447 289 520 geris
299 445 398 510 media,
411 447 498 517 rapiet
511 445 571 512 tibi,
585 445 667 512 dixit,
679 444 792 503 Ulixes?

116 520 197 587 Risit,
209 529 236 576 et
248 519 283 576 ‘0
293 529 386 576 vatum
397 520 585 587 stolidissime,
599 519 716 587 falleris,
729 522 827 595 inquit:

61 607 101 651 715
116 595 200 652 altera
210 597 264 650 iarn
275 595 384 667 rapuit?
418 595 464 650 Sic
476 595 574 651 frustra
584 614 649 652 vera
660 606 815 654 monentem

115 672 228 743 spernit,
241 680 267 726 et
276 679 324 725 aut
331 670 460 744 gradiens
471 672 577 745 ingenti
588 669 680 729 littora
690 689 775 745 passu

116 746 254 820 degravat,
267 754 314 800 aut
324 744 413 800 fessus
424 746 477 801 sub
487 763 571 818 opaca
582 751 732 803 revertitur
739 755 822 804 antra.

115 821 253 876 Prominet
266 820 295 874 in
306 828 421 892 pontum
432 829 564 877 cuneatus
576 823 707 878 acumine
718 822 799 898 longo

116 895 210 951 collis:
222 903 370 967 utrumque
381 895 451 951 latus
462 894 630 951 circumfluit
639 900 768 970 aequoris
777 896 852 953 unda.
907 904 911 919 ¹

60 982 100 1024 780
115 972 174 1026 Huc
184 970 258 1026 ferus
269 970 411 1026 adscendit
422 971 547 1046 Cyclops,
559 970 728 1045 mediusque
738 972 842 1028 resedit.

62 1052 66 1059 '
115 1047 265 1121 Lanigerae
275 1045 404 1118 pecudes,
418 1045 495 1101 nullo
505 1045 632 1113 ducente,
644 1056 768 1103 secutae.

114 1121 165 1177 Cui
175 1131 319 1193 postquam
330 1121 423 1193 pinus,
436 1120 529 1177 baculi
539 1138 609 1194 quae
619 1121 751 1193 praebuit
759 1138 844 1185 usum,

114 1203 175 1250 ante
189 1197 272 1267 pedes
283 1197 372 1268 posita
382 1204 432 1261 est,
444 1196 570 1252 antennis
580 1204 643 1268 apta
654 1194 787 1262 ferendis,

115 1279 259 1342 sumtaque
273 1270 457 1326 arundinibus
475 1279 616 1344 compacta
636 1280 680 1327 est
702 1272 852 1328 fistulacen·

604 1353 675 1412 tum,

56 1430 96 1474 785
111 1428 255 1476 senserunt
264 1421 314 1476 toti
325 1422 442 1492 pastoria
453 1420 535 1476 sibila
544 1429 660 1484 montes,

113 1504 257 1550 senserunt
265 1495 365 1550 undae.
398 1496 518 1551 Latitans
529 1513 581 1570 ego
590 1513 669 1568 rupe,
683 1500 794 1569 meique

113 1570 206 1624 Acidis
216 1570 245 1624 in
256 1571 360 1644 gremio
371 1569 504 1635 residens,
517 1570 611 1642 procul
623 1572 740 1627 auribus
751 1572 827 1627 hausi

112 1645 176 1700 talia
188 1645 258 1700 dicta
270 1646 348 1709 meis,
362 1645 509 1716 auditaque
520 1647 602 1700 verba
613 1647 724 1702 notavi:
912 1644 915 1651 '

108 1719 267 1774 ‘Candidior
277 1719 343 1775 folio
353 1720 437 1784 nivei,
449 1720 569 1784 Galatea,
586 1720 707 1792 ligustri,

55 1805 94 1849 790
109 1793 230 1849 floridior
239 1804 324 1865 prato,
339 1794 418 1868 longa
430 1796 567 1866 procerior
576 1795 648 1859 alno,

109 1870 281 1940 splendidior
290 1870 370 1933 vitro,
384 1877 475 1923 tenero
487 1869 615 1925 lascivior
627 1870 725 1930 haedo.

111 1943 214 2000 laevior
224 1944 334 1999 assiduo
348 1944 454 1998 detritis
464 1961 580 2016 aequore
591 1944 717 2009 conchis,

110 2020 216 2074 solibus
226 2019 360 2084 hibernis,
373 2019 476 2074 aestiva
486 2021 588 2092 gratior
598 2018 707 2083 umbra,

109 2096 227 2149 nobilior
238 2097 350 2165 promis,
364 2093 472 2166 platano
481 2095 653 2165 conspectior
663 2093 729 2158 alta,

54 2181 93 2223 795
109 2170 226 2225 lucidior
236 2169 334 2242 glacie,
351 2177 456 2224 matura
466 2169 573 2223 dulcior
583 2187 646 2232 uva,

110 2244 218 2298 mollior
228 2252 254 2298 et
263 2246 345 2319 cygni
357 2245 459 2315 plumis
471 2253 497 2297 et
506 2245 574 2299 lacte
584 2252 688 2309 coacto,

110 2329 145 2383 et,
159 2321 182 2372 si
193 2337 247 2373 non
259 2319 359 2392 fugias,
372 2319 451 2391 riguo
462 2317 605 2374 formosior
616 2319 709 2374 horto:

109 2396 216 2448 saevior
226 2395 366 2448 indomitis
377 2393 471 2447 eadem
482 2393 593 2449 Galatea
603 2395 743 2459 iuvencis,

109 2468 203 2522 durior
214 2487 314 2524 annosa
325 2484 438 2540 quercu,
452 2467 574 2524 fallacior
583 2468 677 2532 undis,

54 2553 92 2593 auu
108 2541 205 2596 lentior
214 2552 241 2596 et
250 2544 343 2598 salicis
355 2544 442 2616 virgis
452 2551 479 2597 et
489 2544 593 2598 vitibus
604 2542 686 2605 albis,

107 2616 152 2670 bis
163 2618 330 2672 immobilior
340 2618 472 2689 scopulis,
486 2618 630 2673 violentior
638 2635 731 2684 amne,
