1876 3480
646 44 656 52 ἰ
721 40 726 83 5
741 40 873 95 :fr-“amm

692 82 720 107 ’ψ
738 80 753 105 Ι,
770 82 848 132 'duh

183 123 229 220 tto
304 149 307 152 ’
370 123 842 231 r.0'v1n11nni-oarsi'zssd'ff
865 159 869 163 ·

178 264 345 328 exstimulat,
357 281 529 340 pronumque
539 280 628 338 genus
638 263 802 338 regionibus
811 265 842 321 ill
861 272 866 311 ’-

65 390 69 398 .
122 351 162 396 lto
177 344 206 397 in
216 341 349 398 Venerem
361 350 416 395 est:
428 338 523 413 flagrat
533 340 601 395 vitio
611 341 758 414 gentisque
769 338 873 415 suoque

178 420 299 489 Impetus
311 424 352 471 est
361 415 403 471 illi
415 416 547 470 comitum
558 433 733 488 corrumpere
743 433 837 474 curam

180 493 351 564 nutricisque
362 491 458 551 fidem,
470 508 585 546 necnon
599 491 761 565 ingentibus
772 493 857 565 ipsum

178 568 325 624 sollicitare
336 568 417 631 datis,
432 567 745 638 totumqueimpendere
754 585 868 642 reguum

178 653 224 700 aut
234 661 338 716 rapere,
355 651 382 698 et
392 659 473 698 saevo
484 651 588 714 raptam
598 641 745 698 defendere
755 643 841 700 bollo.

123 727 161 774 tet
176 721 210 776 Et
220 719 291 775 nihil
301 726 351 784 est,
364 717 438 791 quod
448 735 501 773 non
512 717 613 773 effreno
624 726 721 790 captus
732 736 827 775 amore

177 797 264 851 ausit:
281 793 586 867 neocapiuntiuclusas
596 802 706 866 pectora
716 792 850 851 flammas.

179 873 291 944 lamque
301 888 390 926 moras
401 868 472 925 male
483 869 544 934 fert,
555 869 712 942 cupidoque
723 871 869 928 revertitur

179 946 305 1003 mandata
315 946 350 1001 ad
359 946 486 1011 Procnes,
502 953 528 999 et
539 945 599 1019 agit
608 964 658 1001 sua
669 954 732 1002 vota
741 947 797 1002 sub
808 945 865 1002 illa.

178 1022 338 1079 Facundum
349 1020 465 1076 faciebat
474 1038 563 1076 amor:
577 1022 741 1093 quotiesque
752 1021 866 1097 rogabat

39 1166 40 1171 ἵ
124 1106 164 1152 tto
178 1097 295 1153 ulterius
305 1097 387 1162 iusto,
397 1097 520 1152 Procnen
529 1098 566 1152 ita
577 1095 649 1152 velle
660 1095 776 1155 ferehet.

178 1172 293 1228 Addidit
301 1180 328 1228 et
338 1171 474 1237 lacrimas,
490 1183 621 1245 tanquam
631 1171 790 1229 mandasset
799 1173 873 1229 etillt

178 1249 229 1304 Pro
239 1247 348 1320 Superi,
364 1257 498 1319 quantum
508 1248 633 1304 mortalia
643 1256 753 1320 pectora
763 1265 862 1314 caecae

179 1325 267 1380 noctis
276 1322 392 1379 habenti
413 1325 477 1399 lpso
486 1323 599 1379 sceleris
610 1323 754 1379 molimine
764 1325 867 1381 Tereus

181 1400 303 1456 creditur
312 1417 373 1455 esse
384 1400 458 1472 pius,
471 1398 637 1472 laudemque
648 1417 663 1455 a
673 1400 792 1455 crimine
803 1401 873 1456 sumi

126 1484 165 1530 475
181 1475 273 1543 Quid‘?
288 1475 362 1549 quod
372 1475 446 1531 idem
455 1475 608 1531 Philomela
618 1476 704 1548 cupit,
716 1477 873 1550 patriosque

671 1552 756 1606 certis
857 1593 860 1597 Α

181 1626 281 1682 blanda
290 1635 385 1682 tenens
396 1626 535 1691 humeros,
548 1634 579 1681 ut
588 1635 632 1681 eat
640 1626 735 1681 visura
745 1645 873 1690 sororem,

181 1719 284 1774 perque
295 1710 610 1774 suamcontraquesuam
622 1703 690 1773 petit
698 1719 789 1775 usque
800 1701 873 1759 salut

182 1777 291 1849 Spectat
301 1795 360 1832 eam
371 1779 483 1842 Tereus,
496 1785 765 1849 praecontrectatque
776 1777 873 1835 vidend

182 1852 330 1924 osculaque
341 1861 368 1908 et
377 1851 448 1907 collo
458 1853 624 1908 circumdata
635 1852 747 1908 brachia
756 1870 872 1909 cernens

126 1937 166 1983 lac
181 1931 272 1984 omnia
283 1946 332 2001 pro
342 1928 464 1985 stimulis
475 1928 638 2000 facibusque
651 1928 769 2000 ciboque
780 1928 873 1985 furori

180 2005 290 2076 accipit,
302 2012 329 2059 et
339 2005 446 2076 quoties
458 2003 631 2077 amplectitur
641 2003 689 2059 illa
699 2014 853 2076 parentem,

181 2098 241 2134 esse
247 2097 345 2152 parens
352 2078 447 2134 vellat:
460 2081 629 2151 nequeenim
636 2080 873 2152 minusimpiuses

183 2156 308 2210 Vincitur
317 2155 459 2210 ambarum
469 2156 577 2228 genitor
586 2172 681 2227 prece:
697 2156 803 2228 gaudet
817 2157 873 2230 agit

182 2230 229 2286 illa
242 2232 311 2303 patri
321 2240 421 2306 grates,
435 2240 461 2286 et
470 2232 638 2286 successisse
648 2230 758 2286 duobus

67 2323 70 2329 ·
126 2314 166 2361 485
180 2307 210 2361 id
221 2316 297 2380 putat
306 2306 415 2372 infelix,
428 2305 502 2380 quod
513 2316 569 2363 erat
580 2306 698 2380 lugubre
709 2305 830 2363 duabus.

181 2383 237 2436 lam
250 2382 325 2438 labor
334 2384 453 2456 exiguus
463 2382 574 2437 Phoebo
585 2382 712 2446 restabat,
728 2384 852 2454 equique

182 2457 328 2527 pulsabant
338 2457 457 2531 pedibus
468 2460 587 2530 spatium
598 2457 714 2513 declivis
725 2456 849 2531 Olympi.

181 2533 297 2605 Regales
308 2535 405 2604 epulue
415 2535 519 2589 mensis
529 2543 556 2589 et
564 2533 687 2588 bacchus
698 2534 726 2587 in
738 2551 806 2589 auro

182 2608 307 2678 ponitur:
325 2609 391 2665 hinc
405 2609 513 2683 placido
524 2609 624 2665 dantur
633 2627 683 2664 sua
696 2626 810 2680 corpora
822 2627 873 2665 son

69 2688 74 2695 '
127 2689 167 2736 ltu
181 2681 216 2739 ht
226 2700 275 2739 rex
284 2681 419 2758 Odrysius
430 2686 558 2758 quamvis
569 2686 692 2750 secessit,
705 2683 792 2740 inille
