1876 3480
747 46 785 87 *a

118 158 169 213 380
308 160 336 206 1³.
357 154 485 209 ovtnn
502 154 687 215 uisum
723 230 727 237 Ι

118 264 215 338 Epitos
225 260 329 320 exilio.
356 260 421 316 Post
433 256 788 391 bunoCspetusqnoi'spl

119 335 413 413 sedCapysanteiuit.
441 334 574 407 Regnum
583 334 769 393 Tiberinus'b

64 425 105 471 tte
118 415 202 504 oepit,
214 412 280 543 etfin
287 406 673 542 {nerigeffirsuzllllugssilnlis
682 408 789 541 und}

120 504 232 547 nomina
253 503 333 543 eoru
408 524 416 539 .
649 502 670 539 u

122 502 401 635 doroteeuntgeddti.
427 498 563 615 Reddlus
574 502 789 617 maturisddoanni

121 637 256 696 fulmineo
265 634 357 708 perlit,
369 632 489 690 imitator
500 630 647 701 fulminis,
662 636 736 692 iota.

121 715 215 771 Fratre
223 728 274 768 suo
283 718 423 782 sceptrum
433 706 601 764 moderatior
612 706 722 767 borota
731 708 790 767 torti

67 799 109 845 tro
122 786 206 845 tradit
213 785 364 843 Aventino:
380 784 439 857 qui,
451 797 506 857 quo
515 791 662 857 regnarat,
674 784 774 843 eodem

123 871 216 920 monte
225 861 296 918 iaoet
305 859 422 933 positus,
436 857 592 929 tribuitque
601 858 747 917 voeabula
755 876 790 915 ure

124 941 236 1011 lamque
244 935 383 993 Palatinae
397 948 534 989 summam
541 932 629 988 Prooa
667 934 745 993 entis
753 934 790 991 bai

122 1014 197 1087 Rege
206 1011 260 1067 sub
270 1010 323 1067 hoo
331 1009 450 1064 Pomona
461 1005 522 1072 tuit,
534 1023 592 1078 qua
602 950 687 1066 nufia
697 1009 790 1067 Latina

124 1089 199 1143 inter
205 1082 404 1158 hamadryadas
412 1080 498 1138 ooluit
504 1080 650 1138 sollertius
662 1084 770 1151 hortos.

69 1173 110 1220 tit
123 1179 175 1218 neo
184 1160 239 1217 fuit
248 1158 356 1215 arbomi
368 1157 517 1213 studiosior
526 1154 612 1213 altera
622 1156 737 1217 foetura

125 1234 200 1293 unde
208 1241 283 1290 tenet
290 1248 402 1289 nomeu.
431 1230 662 1298 Nonsilvasilla,
675 1250 791 1291 nonum

126 1328 174 1367 rus
183 1316 256 1367 amat
263 1315 292 1365 et
300 1323 391 1363 ramos
402 1305 492 1362 felicia
503 1322 583 1378 poma
594 1305 735 1367 ferentes.

125 1386 183 1443 Neo
192 1383 283 1441 ieoulo
292 1383 387 1458 gravis
397 1391 448 1447 est,
459 1380 509 1436 sed
519 1379 627 1437 adunes
636 1381 791 1440 dexterata

127 1477 182 1534 qua
192 1457 273 1517 modo
282 1457 423 1514 luxuriem
423 1455 533 1585 &remit
542 1463 570 1511 et
578 1457 733 1528 spatiantia
744 1474 791 1533 pas

72 1547 113 1593 tto
126 1534 240 1593 brachia
248 1532 409 1605 oompeeoit,
443 1548 487 1587 ssa
500 1529 582 1586 modo
591 1532 701 1589 oortioe
710 1533 791 1608 ligna·

128 1610 235 1673 inserit,
247 1616 275 1665 et
284 1624 381 1663 suooos
391 1605 482 1662 alieno
491 1613 612 1677 praestat
621 1607 751 1664 alumno.

127 1688 184 1742 Neo
192 1684 295 1740 sentire
305 1683 381 1738 sitim
392 1683 504 1753 patitur,
517 1680 692 1754 bibulaeque
703 1700 792 1739 recum

130 1759 232 1815 radiois
242 1757 325 1813 fibras
336 1756 493 1812 labentibus
504 1755 601 1828 irrigat
611 1756 713 1813 undis.

128 1835 284 1897 nicanor,
308 1832 361 1887 hoo
376 1830 511 1887 studium.
540 1831 658 1886 Veneris
678 1849 792 1906 quoque

626 1907 737 1978 oupido
747 1916 788 1964 eet

75 1995 115 2040 tet
128 1984 192 2040 Vim
202 1990 294 2038 tamen
303 1988 442 2055 agrestum
452 1988 587 2044 metuens,
604 1985 735 2052 pomaria
745 1981 792 2038 olai

132 2061 217 2121 intus,
229 2065 257 2113 et
266 2073 393 2112 aooessus
403 2055 532 2128 probibet
541 2055 706 2128 refugitque
718 2057 792 2113 virile

130 2131 204 2200 Quid
213 2149 268 2188 non
278 2138 306 2188 et
314 2129 413 2204 Satyri,
425 2128 571 2185 saltatibus
579 2139 644 2200 epta
653 2133 790 2188 iuventus

131 2208 231 2272 iecere,
243 2214 270 2262 et
278 2206 348 2279 pinu
358 2204 507 2277 praecineti
520 2220 621 2259 oornua
633 2206 737 2270 Panes,

131 2283 327 2354 Silvanusque,
339 2281 398 2336 suis
409 2295 518 2350 semper
527 2278 680 2335 iuvenilior
693 2283 788 2343 annis.

78 2365 118 2413 tto
132 2359 238 2431 quique
247 2355 317 2411 deus
327 2355 402 2411 fures
413 2353 455 2409 vel
468 2353 537 2409 falce
550 2353 594 2409 vel
605 2354 729 2427 inguine
739 2365 793 2411 terr

134 2428 793 2580 imitabililiiizlttiiilll

136 2581 159 2637 0
170 2581 277 2654 quoties
288 2579 384 2636 babitu
394 2578 456 2633 duri
468 2579 597 2633 messoris
607 2579 708 2633 aristas

136 2657 217 2711 oorbe
226 2656 299 2720 tulit,
311 2655 426 2726 verique
435 2653 490 2708 luit
498 2654 629 2708 messoris
641 2654 752 2728 imago!
