1876 3480
149 135 200 190 2l0
341 140 371 186 P.
391 137 519 186 OVIDII
538 137 707 184 NASONIS

150 241 253 297 Antaeo
264 238 372 311 eripui?
382 255 433 295 nec
444 255 487 294 me
497 230 615 310 pastoris
624 237 699 294 Iberi

96 328 134 372 185
150 316 236 372 lorma
251 316 366 388 triplex,
389 331 439 370 neo
460 312 546 370 forma
566 313 669 387 triplex
687 322 751 430 tuq3
771 313 893 382 Cerbere,

561 421 564 425 ·
645 389 747 446 movit.

149 467 249 530 Vosne,
265 483 372 531 manus,
384 464 471 522 validi
481 464 624 537 pressistis
637 482 741 520 cornua
752 464 842 520 tauri‘?

150 543 278 598 Vestrum
293 557 363 612 opus
375 539 434 595 Elis
450 540 541 605 habet,
560 538 896 669 vestrumdStympbalides

639 633 678 670 un
699 631 741 680 ae,
857 672 860 677 ,

151 691 384 762 Partheniumque
395 688 512 745 nemus?
523 700 612 746 vestra
623 691 727 746 virtute
736 689 840 747 relatus

151 767 396 822 Thermodontiaco
405 763 526 820 caelatus
536 765 665 821 baltheus
675 782 752 830 auro,

95 854 133 898 lto
148 860 285 916 pomaque
299 841 332 895 ab
342 842 463 896 insomni
474 858 527 896 non
538 841 674 898 custodita
684 840 823 896 dracone?

150 936 201 972 nec
211 917 281 971 mihi
292 916 419 971 Centauri
430 923 542 988 potuere
554 917 691 981 resistere,
703 934 756 971 nec
767 918 807 971 mi

150 992 281 1048 Arcadiae
294 1000 412 1047 vastator
421 989 504 1063 aperi
512 1008 563 1045 neo
573 990 677 1063 profuit
687 991 793 1066 hydrae

150 1066 895 1140 crescereperdamnum,geminasqueresumerevires?

149 1141 231 1208 Quid,
242 1157 329 1212 quum
335 1141 449 1195 Thracis
459 1157 545 1213 equos
556 1141 677 1197 humano
687 1144 826 1216 sanguine
836 1144 895 1216 pin·

683 1233 714 1272 es

94 1303 132 1347 195
147 1291 284 1364 plenaque
298 1290 460 1362 corporibus
471 1290 569 1346 laceris
579 1234 723 1364 praelllpia
733 1292 805 1358 vidi,

150 1369 264 1437 visaque
276 1365 373 1431 deieci,
385 1366 584 1440 dominumque
595 1367 728 1496 ipsosque
738 1368 858 1440 peremi?

150 1443 198 1497 His
209 1440 277 1496 elisa
288 1443 358 1502 iacet
368 1440 454 1498 moles
464 1443 599 1498 Nemeaea
619 1444 733 1499 acertis:
772 1473 773 1476 =

150 1518 202 1572 hac
212 1517 320 1572 coelum
330 1518 439 1573 cervice
450 1516 512 1572 tuli.
542 1516 654 1587 Defessa
664 1517 789 1575 iubendo
799 1529 840 1575 est

149 1611 231 1648 saeva
242 1594 314 1647 Iovis
325 1593 439 1662 coniux;
453 1610 504 1667 ego
515 1610 577 1647 sum
588 1592 745 1648 indefessus
756 1594 871 1668 agendo.

92 1680 132 1722 roo
147 1667 200 1723 Sed
212 1685 282 1722 nova
293 1670 379 1739 pestis
390 1668 476 1733 adest,
489 1670 534 1723 cui
545 1684 596 1723 nec
607 1669 708 1723 virtute
719 1671 822 1735 resisti,

148 1760 198 1798 nec
209 1742 272 1797 telis
282 1745 420 1816 armisque
431 1752 530 1815 potest.
559 1743 742 1799 Pulmonibus
752 1753 825 1800 errat

148 1819 222 1891 ignis
233 1816 304 1873 edax
314 1819 393 1883 imis,
409 1835 513 1890 perque
523 1835 619 1873 omnes
629 1819 753 1890 pascitur
764 1830 849 1876 artus.

150 1894 184 1948 lt
195 1891 267 1948 valet
277 1893 462 1967 Eurystheus:
479 1901 505 1948 et
515 1901 589 1958 sunt,
607 1895 657 1967 qui
668 1894 781 1950 credere
793 1897 894 1968 possint

149 1986 209 2023 esse
220 1966 317 2022 deosir
337 1969 421 2033 Dixit,
439 1986 544 2041 perque
554 1969 640 2025 altum
650 1971 764 2026 saucius
775 1970 859 2027 Oeten

92 2055 132 2099 205
147 2044 221 2098 haud
231 2044 310 2099 aliter
320 2043 453 2118 graditur,
465 2061 549 2116 quam
558 2045 584 2099 si
593 2044 732 2101 venabula
741 2047 823 2122 tigris

149 2136 261 2192 corpore
273 2119 326 2173 fixa
337 2128 422 2193 gerat,
434 2118 554 2193 laetique
563 2118 698 2194 refugerit
707 2131 813 2177 auctor.

149 2194 235 2268 Saepe
247 2193 329 2249 illum
341 2196 461 2268 gemitus
475 2193 611 2260 edentem,
626 2213 709 2267 saepe
723 2196 890 2259 frementem,

149 2288 231 2342 saepe
241 2277 420 2325 retentantem
430 2278 498 2325 totas
508 2269 659 2345 infringere
671 2280 772 2336 vestes,

148 2355 371 2417 sternentemque
382 2345 481 2409 trabes,
493 2347 712 2418 irascentemque
725 2347 833 2402 videres

93 2432 133 2474 21⁰
148 2422 298 2486 montibus,
311 2430 358 2477 aut
367 2421 454 2493 patrio
465 2421 622 2478 tendentem
633 2421 745 2477 brachia
757 2422 843 2479 coelo.

149 2498 219 2551 Ecce
228 2497 331 2552 Lichan
343 2495 481 2568 trepidum
491 2505 518 2552 et
529 2497 678 2553 latitantem
688 2515 758 2570 rupe
769 2507 862 2554 cavata

150 2571 280 2643 adspicit,
293 2580 379 2645 utque
389 2571 466 2628 dolor
474 2572 578 2627 rabiem
588 2571 736 2646 collegerat
744 2591 864 2638 omnem,

148 2647 248 2711 »Tune
260 2647 354 2713 Licha,
367 2647 446 2713 dixit,
460 2646 555 2704 feralia
565 2647 635 2704 dona
645 2646 754 2705 tulisti?
