1876 3480
123 150 172 202 300
313 154 340 198 P.
361 152 490 200 0v1o11
507 152 679 199 NASONIS

66 269 93 313 25
125 258 231 313 Aeacus
241 256 308 311 huic
317 262 394 328 pater
404 263 454 319 est,
471 255 520 326 qui
530 255 591 310 iura
600 255 750 313 silentibus
760 257 817 312 illic

123 333 222 397 reddit,
236 333 284 387 ubi
290 330 424 387 Aeoliden
435 348 533 385 saxum
542 330 774 406 graveSisyphon
783 343 862 408 urget.

125 409 231 465 Aeacon
242 408 367 482 agnoscit
377 424 513 472 summus,
525 406 688 481 prolemque
699 408 799 465 latetur

121 487 245 558 luppiter
254 501 315 539 esse
325 501 413 538 suam.
443 482 489 537 Sic
500 501 515 538 a
525 484 589 539 love
602 485 701 539 tertius
711 485 792 541 Aiax.

121 564 178 617 Nec
187 570 278 616 tamen
290 560 357 614 haec
367 560 453 615 series
464 559 493 614 in
504 576 632 615 caussam
643 562 745 632 prosit,
762 561 862 624 Achivi,

66 647 94 691 ao
124 639 149 692 si
161 638 231 693 mihi
241 654 304 691 cum
315 652 415 709 magno
425 652 480 690 non
491 644 532 690 est
540 637 697 691 communis
707 636 825 693 Achille.

123 715 216 769 Frater
227 721 296 768 erat:
310 711 428 767 fraterna
439 720 521 784 peto.¹
541 709 615 778 Quid
624 713 762 787 sanguine
772 723 854 769 cretus

123 789 263 864 Sisyphio,
276 786 413 859 furtisque
424 797 451 843 et
461 787 557 844 fraude
567 786 730 845 simillimus
740 788 783 845 illi

122 866 219 920 inserit
229 863 357 920 Aeacidis
368 864 474 919 alienae
486 865 597 920 nomina
607 863 719 938 gentis?
752 881 755 888 ·

122 942 165 996 An
176 940 250 1014 quod
260 942 289 995 in
299 957 373 995 arma
385 941 469 1011 prior,
486 939 620 1012 nulloque
630 940 684 996 sub
696 941 790 999 indice
799 942 862 1004 veni,

66 1027 92 1070 35
122 1034 196 1072 arma
207 1015 332 1090 neganda
342 1014 431 1071 mihi‘l
445 1016 590 1089 potiorque
603 1016 746 1073 videbitur
754 1016 811 1085 ille,

122 1091 219 1147 ultima
230 1093 280 1165 qui
290 1092 377 1164 cepit,
394 1090 610 1165 detrectavitque
620 1091 714 1148 furore

122 1169 250 1223 militiam
261 1167 333 1232 licto,
346 1167 433 1223 donec
443 1167 582 1224 sollertior
592 1169 655 1233 isto,

123 1253 149 1299 et
158 1244 213 1299 sihi
223 1242 358 1308 inutilior,
370 1244 462 1300 timidi
473 1253 627 1300 commenta
637 1247 738 1301 retexit

123 1319 291 1392 Naupliades
303 1320 399 1385 animi,
416 1321 556 1393 vitataque
567 1320 650 1376 traxit
661 1320 697 1377 ad
709 1321 801 1377 arma?

66 1403 93 1450 to
122 1398 225 1469 optima
236 1413 310 1452 nunc
319 1406 421 1462 sumat,
436 1398 485 1469 qui
496 1414 606 1452 sumere
616 1396 707 1453 noluit
718 1397 786 1464 ulla;

42 1498 47 1507 ·
123 1490 172 1528 nos
183 1472 338 1536 inhonorati
352 1481 379 1527 et
388 1471 468 1527 donis
479 1471 653 1546 patruelibus
664 1473 735 1537 orbi,

120 1547 273 1604 obtulimus
285 1549 350 1621 quia
361 1566 411 1604 nos
421 1548 456 1603 ad
465 1549 554 1620 prima
565 1548 699 1621 pericula,
712 1549 817 1605 simus‘?

121 1625 211 1698 Atque
224 1625 334 1679 'utinam
350 1633 397 1680 aut
418 1641 498 1679 verus
514 1624 591 1680 furor
604 1623 667 1689 ille,
692 1635 740 1681 aut
754 1625 863 1681 creditus

618 1710 701 1765 essct,

123 1794 173 1831 neo
187 1793 278 1831 comes
288 1775 475 1850 hicPhrygias
486 1793 609 1848 unquam
619 1778 744 1833 venisset
753 1776 788 1833 ad
798 1793 863 1832 arces

66 1864 92 1909 tt
126 1854 246 1909 hortator
256 1851 408 1907 scelerum!
426 1854 485 1906 Non
497 1862 532 1916 te,
545 1852 673 1908 Poeantia
683 1852 786 1925 proles,

122 1929 280 2000 expositum
289 1928 408 1983 Lemnos
419 1937 511 1983 nostro
521 1946 584 1983 cum
595 1930 713 1984 crimine
724 1929 845 1985 haberet:

124 2007 172 2078 qui
183 2022 266 2069 nunc,
279 2012 474 2069 utmemorant,
487 2003 664 2060 silvestribus
674 2005 865 2061 abditusantris

123 2100 188 2137 saxa
199 2098 294 2136 moves
304 2082 420 2154 gemitu,
433 2080 646 2153 Laertiadaeque
659 2084 791 2153 precaris,

123 2158 319 2230 quaemeruit:
337 2173 419 2229 quae,
436 2156 460 2210 si
471 2156 499 2210 dl
510 2165 583 2220 sunt,
597 2175 651 2211 non
663 2175 733 2212 vana
743 2158 864 2229 precaris.

67 2248 91 2288 50
121 2236 155 2289 Et
166 2251 239 2288 nunc
250 2231 298 2286 ille
309 2232 403 2288 eadem
415 2232 496 2286 nobis
506 2233 613 2287 iuratus
623 2234 651 2286 in
663 2251 748 2297 arma,

123 2312 187 2374 heu,
199 2328 262 2381 pars
273 2327 328 2364 una
339 2308 450 2372 ducum,
469 2325 523 2380 quc
533 2326 694 2363 successore
704 2311 818 2383 sagittae

122 2385 247 2442 Herculis
258 2394 382 2451 utuntur,
395 2384 497 2440 fractus
509 2384 659 2456 morboque
671 2383 799 2457 fameque

124 2463 287 2533 velaturque
296 2460 434 2534 aliturque
445 2461 554 2524 avibus,
563 2460 747 2532 volucresque
759 2458 865 2532 petendo

124 2538 216 2592 debita
227 2538 352 2593 Troianis
363 2546 472 2592 exercet
483 2535 589 2608 spicula
602 2535 675 2590 latis.

68 2630 92 2669 ss
125 2614 175 2669 llle
186 2622 276 2668 tamen
287 2615 367 2679 vivit,
384 2615 512 2686 quianon
524 2615 669 2667 comitatus
679 2611 792 2667 Ulixen.

122 2689 210 2748 Vellet
220 2697 248 2747 et
258 2688 358 2748 infelix
368 2689 528 2748 Palamedes
539 2705 599 2743 esse
610 2686 740 2743 relictus:
