1876 3480
210 140 267 200 til
402 112 776 193 normannensis
827 174 832 183 .

209 268 264 308 non
278 249 405 323 coepisse
423 247 491 304 luit:
513 255 608 321 coepta
628 263 792 322 expugnare
811 246 906 307 sectius*

441 364 444 370 ,
652 332 704 380 ast.

209 399 536 476 Quippenecillepctest¹
548 401 640 456 utiam
650 406 787 469 meareta
796 398 906 475 relinqu

155 493 193 536 520
208 496 264 537 nou
274 487 367 536 tamen
377 492 509 535 ausorum
520 492 631 550 semper
639 478 746 533 memor
755 494 906 535 cssemeert

210 565 246 623 et,
259 553 476 630 quindenaria,
489 553 588 610 leviter
597 552 722 610 voluisse
732 553 860 619 videbor,

209 641 257 691 aut
269 633 352 689 etiam
361 639 483 688 tentasse
492 630 574 686 illum
584 629 755 704 insidiisque
768 630 887 703 petisse:

209 709 255 767 vel
269 717 342 764 certe
352 724 408 764 nen
417 706 480 774 bec,
493 707 543 781 qui
554 705 693 780 plurimus
704 714 787 782 urget
796 714 824 763 et
832 707 889 763 urit

211 794 322 860 pectora
332 793 435 850 nestra,
448 783 509 850 deo,
525 783 577 839 sed
584 783 658 840 victa
668 782 789 839 libidine
800 781 903 839 credar.

154 875 193 919 625
206 862 332 936 Denique
342 862 398 918 iam
407 876 516 934 nequeo
525 859 569 915 nil*
575 860 750 916 commisisse
764 858 906 917 uelandun

210 941 246 996 Et
255 939 356 1011 scripsi
366 945 393 994 at
402 937 484 1010 petii:
496 944 626 994 temerata
636 945 679 993 cst
686 944 781 993 nestra
791 934 906 994 vuluntu

211 1016 247 1071 Ut
258 1014 330 1070 nihil
342 1012 481 1079 adiiciam,
494 1029 548 1071 nen
560 1030 675 1087 possum
685 1012 802 1070 innoxia
813 1012 881 1070 dici.

211 1089 291 1161 Quod
306 1097 448 1165 superest,
469 1089 589 1147 multum
603 1089 690 1147 estin
706 1097 784 1155 veta,
805 1090 837 1146 in
850 1088 906 1147 criu

711 1175 860 1240 parvum

209 1245 294 1309 Dixit,
306 1249 334 1299 et
343 1242 464 1298 incertae
475 1248 605 1316 tantaest
613 1241 752 1300 discordia
762 1244 876 1311 munde.

48 1294 50 1301 Ι
154 1331 194 1376 tec
209 1335 298 1395 quum
307 1320 403 1394 pigeat
413 1326 541 1385 tentasse,
555 1317 624 1375 libet
633 1327 753 1377 tentam
766 1319 906 1395 mednmq

210 1398 279 1463 exit,
291 1404 318 1453 et
328 1395 430 1452 infelix
439 1396 588 1453 committit
598 1412 681 1469 saepe
691 1393 802 1470 repelli.

210 1475 275 1532 Mox
284 1473 333 1530 ubi
345 1472 409 1528 linis
419 1472 507 1540 abest,
518 1473 636 1546 petriam
646 1471 722 1546 fugit
730 1471 780 1529 ille
790 1472 906 1549 aelasqa

211 1551 298 1623 inque
308 1549 453 1624 peregrina
466 1549 546 1623 penit
555 1565 627 1606 nova
637 1550 747 1606 moenia
757 1557 843 1607 tene.

210 1630 281 1683 Tum
293 1643 357 1682 vcro
368 1632 501 1682 moestam
511 1633 566 1682 teta
575 1624 701 1683 Miletida
710 1635 804 1683 mente

155 1713 194 1758 ees
209 1701 346 1758 deiecisse
357 1700 463 1759 lerunt:
475 1709 534 1758 tum
546 1719 611 1758 vere
620 1721 636 1758 a
646 1710 757 1775 pectore
766 1710 875 1760 vestem

212 1779 339 1851 diripuit,
351 1777 516 1851 planxitque
526 1795 592 1835 sues
606 1778 758 1835 furibunda
769 1778 896 1837 lacertas.

212 1854 906 1930 lamquepalamestdemens‚inconcessamquelat

141 1969 143 1973 ν
211 1932 906 2007 spemvcncnis‚sinequapatriaminvisosquepen

212 2008 324 2071 deserit,
341 2015 367 2063 et
377 2007 488 2082 profugi
500 2008 627 2081 sequitur
638 2009 756 2082 vestigia
768 2008 873 2066 fratris.

156 2092 195 2140 tte
210 2085 300 2157 thue
312 2092 358 2139 tue
372 2092 469 2149 metae,
482 2083 574 2156 proles
587 2082 732 2150 Semeleia,
745 2084 850 2159 thyrso·

213 2161 343 2216 Ismariae
353 2159 493 2215 celebrant
503 2162 618 2233 repetita
628 2160 746 2216 triennia
757 2161 891 2228 bacchae.

212 2235 328 2310 Byblida
339 2252 393 2290 non
403 2235 482 2291 aliter
493 2234 562 2291 lates
573 2237 696 2292 ululasse
707 2253 757 2310 per
767 2254 851 2311 agros

212 2311 365 2368 Bubasides
377 2311 471 2367 videre
482 2328 584 2370 nurus:
599 2312 704 2386 quibus
716 2311 765 2368 illa
777 2311 888 2370 relictis

212 2388 293 2444 Caras
304 2396 331 2443 et
340 2387 484 2443 armiferos
496 2387 612 2463 Leleges
622 2390 795 2463 Lyciamque
805 2404 906 2463 pereni

158 2467 197 2515 tls
211 2466 267 2519 lam
291 2464 396 2538 Cragon
420 2472 447 2520 et
470 2465 600 2539 Lymiren
625 2464 795 2597 llantb'uippiav
818 2467 906 2541 reliqu

771 2558 803 2598 as

213 2632 324 2687 quoque
334 2615 478 2672 Chimaera
489 2616 556 2691 iugc
569 2616 710 2673 mediisin
720 2585 906 2695 partibuslgn

207 2700 310 2768 pectus
322 2700 350 2752 et
359 2708 407 2751 era
417 2693 488 2761 leae,
498 2692 616 2750 caudam
624 2695 762 2767 serpentis
773 2694 903 2755 ΒΜ.
