1876 3480
121 126 173 182 206
313 129 341 174 1².
362 128 490 177 ovum
507 127 679 175 mosoma

122 248 218 306 presse
226 247 300 305 genu
311 237 403 287 nostro
413 237 464 294 est,
476 237 503 284 et
513 245 609 285 arenas
619 244 668 285 ore
676 228 817 285 momordi.
890 262 893 269 -

123 307 238 363 lnlerior
249 307 363 371 virtute,
374 322 449 361 meas
459 305 581 362 divertor
590 304 625 359 ad
636 312 718 370 artes,

122 383 272 454 elaborque
280 383 350 445 viro,
362 381 477 454 longum
487 379 620 436 formatus
630 381 661 434 in
670 397 798 454 angerem.

122 459 177 525 Qui
187 466 248 530 post
288 474 331 512 am
341 455 427 513 ilexos
438 457 549 511 sinuavi
557 455 796 527 corpusinerbes,

68 547 92 589 ts
122 549 243 605 eumque
265 529 813 606 eromovilinguamstridorebisulcam,

124 611 194 672 risit,
207 617 234 663 et
243 607 365 662 illudens
374 615 481 662 nostres
490 605 654 680 Tirynthius
663 615 750 662 ames:

121 685 272 741 ‘Cunarum
282 681 359 738 labor
369 691 411 738 est
420 699 525 756 angues
539 686 671 754 superare
681 698 810 745 mearum,

125 760 205 823 dixit,
218 767 245 814 et
254 767 285 813 ut
294 759 391 813 vincas
401 757 480 823 alios,
492 756 621 821 Acheloi,
634 756 777 821 maeones,

124 854 187 907 pars
198 842 280 906 quota
290 835 427 889 Lernaeae
437 849 551 906 serpens
565 833 620 888 eris
633 848 710 887 unus
722 829 857 887 echidnae‘.l

69 926 95 967 70
125 910 292 967 Vulneribus
304 907 419 964 fecunda
430 909 490 963 suis
499 916 558 963 erat
566 906 625 972 illa,
641 924 693 962 neo
703 907 791 963 ullum

126 987 160 1040 de
171 993 282 1040 centnm
292 1001 406 1039 numero
416 992 500 1057 caput
508 992 551 1038 est
559 984 674 1055 impune
687 984 812 1047 recisum,

127 1062 195 1134 quin
206 1061 317 1133 gemino
327 1061 423 1115 cervix
432 1058 533 1114 herede
544 1058 680 1114 valentior
689 1067 772 1114 esset.

125 1139 200 1192 lianc
211 1151 262 1208 ego
272 1149 408 1190 ramosam
417 1136 514 1191 natiso
524 1133 607 1190 caede
616 1133 742 1189 colubris

128 1219 352 1282 crescentemque
362 1211 434 1266 malo
444 1210 549 1274 domui,
564 1208 756 1283 domitamque
764 1206 857 1264 reduxi.

71 1301 97 1343 ts
127 1285 201 1354 Quid
211 1285 268 1340 lore
277 1293 304 1340 te
314 1285 418 1349 eredis,
436 1284 538 1340 falsum
547 1285 598 1357 qui
607 1301 708 1341 versus
718 1287 859 1357 inauguem

126 1379 201 1418 arma
210 1361 299 1416 aliena
310 1359 423 1416 moves?
433 1376 516 1432 quem
526 1359 612 1415 forme
622 1361 748 1432 precaria
758 1355 846 1416 celati¹

127 1440 246 1500 Dixerat,
260 1445 287 1491 et
296 1453 406 1492 summo
415 1435 566 1510 digitorum
577 1434 690 1490 vincula
700 1435 772 1491 collo

127 1514 227 1568 iniicit.
256 1512 393 1585 Angebar,
409 1528 460 1566 ceu
470 1519 582 1585 guttura
593 1510 699 1583 forcipe
709 1526 831 1584 pressus:

130 1587 333 1660 pollicibusque
346 1604 421 1642 meas
430 1587 588 1660 pugnabam
599 1585 719 1641 evellere
731 1586 829 1641 lauces.

74 1678 98 1718 80
128 1664 173 1718 Sic
184 1679 294 1734 quoque
305 1662 414 1717 devicto
424 1661 542 1717 restabat
552 1663 631 1717 tertie
642 1663 715 1717 tauri

131 1740 217 1794 forma
229 1737 328 1791 trucis:
342 1746 419 1792 tauro
428 1746 549 1792 mutatus
558 1737 682 1793 membra
693 1737 807 1792 rebelle.

130 1812 224 1869 Induit
233 1811 280 1864 ille
291 1814 357 1866 toris
368 1831 381 1866 a
394 1811 471 1867 laeva
482 1822 557 1883 parte
569 1811 693 1875 lacertos,

131 1888 339 1958 admissumque
348 1887 459 1941 trahens
470 1889 605 1959 sequitur,
613 1887 802 1960 depressaque
810 1885 867 1940 dura

132 1981 233 2020 cornua
245 1961 306 2034 figit
316 1962 410 2026 humo,
423 1980 524 2034 meque
534 1964 587 2018 alta
597 1963 697 2018 sternit
707 1980 799 2018 arena.

76 2053 101 2095 85
130 2043 187 2096 Nec
197 2039 264 2093 satis
275 2037 326 2092 hoc
337 2036 438 2092 luerat:
451 2038 573 2110 rigidum
585 2037 642 2093 iera
651 2037 766 2094 dextera
777 2053 854 2092 cornu

132 2116 200 2170 dum
209 2121 291 2177 tenet,
303 2112 425 2186 infregit,
440 2121 592 2184 truncaque
602 2131 617 2168 a
629 2112 718 2168 fronte
729 2111 845 2168 revellit.

132 2190 233 2245 Naides
244 2190 305 2253 hoc,
318 2188 408 2260 pomis
418 2196 445 2241 et
454 2187 538 2242 odoro
548 2187 612 2244 llere
622 2188 772 2259 repletum,

28 2282 34 2292 ·
134 2273 283 2329 sacrarunt,
296 2263 431 2335 divesque
441 2280 502 2318 meo
512 2264 584 2319 Bona
595 2263 679 2336 Copia
690 2281 777 2319 cornu
788 2272 850 2318 este

134 2344 257 2408 Dixerat;
272 2348 298 2396 et
309 2338 431 2414 nymphe
441 2339 496 2394 ritu
506 2340 647 2394 succincta
657 2340 770 2405 Dianae,

79 2427 104 2468 no
132 2434 186 2470 una
198 2417 395 2479 ministrarum,
409 2415 479 2469 lusis
489 2417 629 2486 utrimque
640 2414 761 2486 capillis,

133 2493 256 2555 incessit,
271 2500 414 2562 totumque
424 2488 488 2545 tulit
500 2489 653 2561 praedivite
663 2507 750 2544 cornu

135 2574 296 2621 autumnum
308 2575 335 2622 et
345 2584 463 2630 mansas,
480 2565 570 2620 felicia
581 2582 671 2637 poma,
685 2564 830 2620 secundas.

138 2642 198 2694 Lux
208 2641 296 2711 suhit;
313 2650 340 2697 et
349 2643 442 2715 primo
449 2641 564 2698 leniente
575 2641 718 2698 cacumina
729 2639 788 2696 sole
