1876 3480
152 142 203 199 Μ
341 145 369 195 Ρ.
389 144 520 194 ovlnn
538 143 709 195 mesomio

151 252 222 307 Mors
232 248 331 322 placet.
347 248 481 323 Erigitur,
493 247 648 321 laqueoque
659 247 802 307 innectere
812 247 902 309 [auom

152 327 280 390 destinat,
292 334 318 381 et
328 343 396 385 nona
410 341 519 381 summo
529 324 563 379 de
574 331 653 397 poste
663 326 788 385 reuinott

95 416 134 460 380
147 399 697 475 ‘CarevaleCinyra.caussamqueintelli
717 398 848 461 ementis’

152 480 233 542 dixit,
246 487 273 534 et
283 477 393 550 aptabat
403 475 518 549 pallenti
532 475 644 547 vincula
654 416 738 537 nolio.

150 558 291 613 Murmura
303 553 448 609 verborum
459 552 528 611 fidae
539 553 656 611 nutricis
667 552 703 608 ad
713 569 796 613 aurea

152 632 312 706 pervenisse
323 628 423 693 ferunt,
436 627 521 686 limen
533 630 670 687 seruantia
680 628 821 690 alumnae.

149 708 244 782 Surgit
254 724 323 768 anus
334 712 493 778 reseratque
504 704 586 770 forae.
601 706 757 778 mortisque
769 712 878 777 paratae

95 797 134 840 385
150 787 332 847 instrumenta
344 781 452 846 videns,
465 781 554 861 spatio
564 780 719 845 conclamat
730 780 840 846 eodem,

149 877 235 932 seque
245 859 308 914 ferit
318 857 477 931 scinditque
488 858 567 917 sinus
578 866 729 931 ereptaque
740 856 814 913 oollo

150 934 263 997 vinnula
274 934 400 996 dilaniat.
435 935 505 997 Tum
516 932 637 1008 denique
647 930 714 999 llere
725 934 846 998 vaeavit,

150 1009 902 1084 tumdarecomplexue‚laqueiquerequirereoauaaam.

151 1089 224 1144 Muta
239 1086 302 1142 silet
311 1089 400 1160 virgo,
413 1095 569 1159 terramque
580 1087 694 1149 immota
704 1093 814 1151 tuetur:

95 1177 134 1219 eto
150 1173 177 1217 et
190 1162 325 1234 deprenea
336 1161 410 1219 dolet
424 1161 516 1225 tardae
527 1163 671 1226 conamina
683 1163 793 1226 mortio.

152 1241 236 1295 lnstat
245 1256 325 1302 anus,
338 1255 477 1311 canosque
486 1254 553 1303 euos
562 1239 694 1302 etinania
703 1237 817 1302 nudant

152 1315 247 1379 ubera,
260 1331 309 1386 per
318 1331 404 1369 cunae
415 1315 600 1388 alimentaque
610 1315 700 1388 prima
711 1322 853 1446 pretiatur,

153 1400 183 1446 ut
192 1390 247 1446 sibi
258 1391 418 1455 committat,
436 1390 576 1463 quidquid
587 1391 670 1453 dolet.
701 1388 753 1453 lla
764 1400 902 1466 rogantem

151 1475 274 1522 aversata
285 1467 383 1540 gemit.
415 1465 492 1522 Certa
503 1475 545 1523 est
556 1468 703 1539 exquirere
714 1466 823 1532 nutrix.

94 1554 135 1598 ate
151 1560 202 1599 nee
213 1540 299 1599 solam
310 1542 446 1616 spondere
456 1542 549 1603 fidem.
571 1543 641 1608 ‘Die
653 1544 758 1615 inquit,
768 1558 902 1616 opemque

151 1636 194 1673 me
208 1618 269 1673 sine
281 1617 351 1673 ferre
362 1617 428 1679 tibi:
442 1635 497 1674 non
508 1628 619 1683 estinan
630 1619 711 1694 pigra
722 1628 864 1677 senectus.

148 1694 203 1749 Seu
214 1693 289 1748 furor
299 1703 355 1750 eet:
368 1694 455 1750 haheo
465 1696 784 1767 quaeoarmineeauetet
795 1695 900 1762 herbis,

151 1772 210 1825 sive
221 1769 325 1842 aliquis
336 1771 440 1835 nocuit,
453 1773 560 1845 magico
572 1769 726 1833 lustrabere
736 1774 809 1841 ritu;

149 1848 189 1902 ira
201 1846 284 1901 dedm
294 1847 355 1903 sive
366 1855 415 1912 est,
428 1847 514 1903 saeris
524 1845 698 1920 placabimus
709 1849 792 1911 iram.

94 1930 134 1977 loo
149 1921 224 1990 Quid
234 1939 294 1977 rear
306 1921 442 1979 ulterius?
456 1922 534 1985 Certe
545 1921 654 1981 fortuna
665 1923 825 1998 domusque

150 2015 246 2072 sospes
257 1999 292 2057 ab
303 2000 418 2055 incursu
430 2008 484 2068 est;
504 2000 604 2057 vivunt
618 1999 802 2092 genitrixque
817 2009 901 2074 pater-

672 2093 718 2139 ue.

149 2151 268 2226 Myrrha,
280 2160 356 2223 patre
367 2150 470 2214 audito,
483 2151 604 2222 suspiria
615 2092 697 2214 duitit
707 2151 743 2209 ab
755 2153 813 2211 imo

151 2236 269 2300 pectore.
301 2228 357 2281 Neo
369 2228 464 2283 nutrix
474 2226 626 2291 etiamnum
637 2230 762 2300 concipit
775 2228 866 2289 ullum

150 2301 898 2376 mentenefas‚aliquemquetamenpraesentitamorem

96 2387 135 2433 lot
150 2380 341 2451 propositique
352 2388 443 2443 tenax,
457 2379 644 2452 quodeunque
654 2381 705 2444 sit,
721 2391 791 2445 orat.
808 2392 840 2438 ut
852 2381 899 2455 ipri

150 2455 262 2519 indicet,
275 2464 303 2509 et
312 2455 418 2528 gremio
430 2453 618 2512 lacrimantem
629 2455 701 2513 tollit
711 2457 792 2523 anili,

151 2540 233 2600 atque
244 2531 281 2585 ita
292 2531 478 2602 complectens
492 2531 610 2588 infirmis
621 2533 746 2588 membra
758 2533 876 2598 lacertis,

145 2605 311 2671 ‘Sensimus,
329 2607 431 2679 inquit,
447 2624 536 2665 amas:
554 2617 581 2665 et
591 2609 621 2665 in
632 2608 685 2663 hoo
696 2626 773 2675 mea,
791 2609 897 2686 poneti-

649 2702 767 2753 morem¹
