1876 3480
42 655 382 705 tunuouruosuou
403 657 472 701 ΜΒ.
492 657 547 704 XV.
605 651 656 703 365

42 775 131 830 noque
142 775 196 813 non
211 765 346 832 perstant.
367 774 439 830 quae
455 774 504 812 nos
519 756 654 813 elementa

402 849 547 889 vocamus:

42 910 115 963 vices
126 917 266 982 peragant,
274 909 380 963 animos
386 908 529 964 adhibete!
541 907 655 965 docebo.
688 936 692 941 ·

43 994 162 1039 teternus
173 983 304 1057 genitalia
314 1001 427 1054 corpora
440 984 562 1041 mundus

54 1078 88 1115 ex
102 1061 158 1115 iliis
169 1059 224 1115 duo
235 1068 300 1114 sunt
309 1077 433 1124 onerosa,
446 1077 553 1132 suoque
671 1068 711 1115 tit

46 1154 63 1190 n
74 1135 201 1199 inferius,
215 1135 297 1190 teilus
308 1145 390 1207 atque
402 1135 485 1202 untia,
498 1134 639 1193 feruntur:

43 1230 52 1265 r
64 1212 198 1285 gravitate
209 1220 311 1275 carent,
324 1210 457 1282 nulloque
469 1221 610 1283 premente

43 1297 73 1351 rt,
86 1292 132 1342 aer
142 1297 223 1359 atque
234 1289 295 1344 ae're
308 1287 402 1357 purior
412 1287 497 1360 ignis.

43 1364 248 1434 mquamspatio
258 1355 370 1424 distant.
383 1371 473 1417 tamen
484 1363 575 1417 omnia
588 1361 658 1417 fiunt

46 1441 110 1493 etin
122 1439 182 1510 ipsa
194 1437 306 1492 cadunt.
336 1436 614 1510 Resolutaqueteilus
672 1443 712 1491 tit

43 1534 67 1569 rs
78 1517 191 1570 rarescit
204 1530 300 1585 aquaS,
314 1522 441 1569 tenuatus
453 1514 572 1569 inauras

43 1608 128 1645 ¹umor
139 1591 205 1653 abit,
218 1589 553 1661 demtoquoqueponderc
560 1606 656 1644 rursus

43 1685 62 1721 ts
73 1670 118 1721 aer
129 1667 311 1722 tenuissimus
321 1666 421 1720 emicat
432 1666 521 1739 ignes.

43 1759 53 1797 t
65 1742 194 1807 redeunt,
210 1742 340 1814 idemque
351 1743 485 1797 retexitur
493 1742 570 1798 ordo.

43 1836 67 1871 m
76 1817 195 1872 densum
208 1818 344 1889 spissatus
354 1818 383 1871 in
394 1820 454 1871 aera
467 1820 573 1880 transit,
673 1825 713 1870 25⁰

43 1911 97 1957 uas,
114 1892 196 1948 telius
208 1892 356 1966 glomerata
368 1893 476 1965 cogitur
486 1892 570 1948 unda.

43 1986 132 2023 essue
144 1969 246 2039 cuique
257 1976 361 2034 manet;
376 1984 524 2040 rerumque
536 1967 663 2022 novatrix

44 2045 94 2098 lias
105 2053 212 2116 reparat
223 2052 317 2099 natura
330 2044 444 2116 figuras.

46 2119 323 2191 intentoquidquam‚
337 2117 405 2172 mihi
417 2117 530 2182 credite,
543 2116 656 2181 mundo,

47 2204 57 2250 t
68 2195 221 2266 faciemque
232 2204 328 2248 novat:
344 2195 477 2265 nascique
487 2203 601 2250 vocatur
675 2204 715 2246 255

43 2270 284 2343 esseaiiud,quarn
297 2269 371 2341 quod
384 2268 435 2325 init
446 2280 522 2326 anto:
535 2270 660 2341 morique

46 2344 116 2401 illud
127 2345 212 2400 idem.
244 2344 336 2412 Quum
347 2346 402 2400 sint
414 2345 468 2400 huc
479 2345 591 2402 forsitan
606 2345 664 2411 iiia,

44 2421 111 2476 slata
119 2420 195 2485 illuc,
203 2439 310 2476 summa
319 2431 408 2476 tamen
420 2423 511 2478 omnia
522 2430 658 2477 constant.

43 2497 96 2552 iem
107 2497 205 2552 durare
216 2496 265 2552 diu
276 2496 330 2551 suh
344 2497 465 2570 imagine
473 2496 569 2553 eadem

44 2591 85 2628 m.
116 2573 161 2627 Sic
171 2572 205 2628 ad
216 2573 319 2628 serrum
331 2574 447 2627 venistis
458 2573 492 2627 ab
503 2591 579 2636 auro,
676 2585 716 2627 tto

49 2651 90 2704 sic
102 2649 182 2704 toties
193 2666 271 2704 versa
283 2657 324 2703 est
336 2647 443 2703 fortuna
456 2648 587 2704 iocorum.

53 2724 223 2797 quodiuerat
233 2724 371 2796 quondam
385 2724 553 2779 solidissima
566 2725 659 2789 telius,

45 2818 97 2869 1m3
115 2800 173 2854 vidi
186 2799 270 2855 factas
281 2817 315 2853 ex
324 2817 443 2872 aequore
454 2809 549 2863 terrea,

55 2895 69 2931 a
80 2875 178 2949 pelago
189 2876 310 2929 conchae
320 2876 429 2930 iacuere
441 2876 572 2938 marinae,

44 2953 151 3006 inventa
162 2952 242 3006 estin
256 2951 397 3006 montibus
407 2969 505 3007 ancora
514 2951 644 3006 summis.
678 2962 718 3005 att

44 3026 110 3082 afuit
119 3043 244 3098 campm,
257 3026 357 3081 vaiiem
372 3026 505 3082 decursus
516 3043 650 3098 aquarum

44 3102 129 3158 eluvie
139 3119 218 3156 mons
229 3110 271 3157 est
280 3101 415 3157 deductus
426 3103 455 3157 in
468 3117 585 3174 aequor:

44 3177 126 3234 udosa
137 3178 220 3233 siccis
232 3176 335 3232 humus
348 3187 405 3233 aret
414 3179 523 3233 arenicz
