1876 3480
77 128 95 133 ““
130 136 176 191 tet
317 140 345 186 r.
364 138 493 189 ovrorr
510 100 680 189 nasonis

125 251 156 298 ut
165 241 238 297 clivo
249 243 370 298 crevisse
381 249 472 314 putes.
504 240 551 297 Sic
560 242 663 299 rustica
673 242 812 317 quondam
863 306 867 313 ,

124 317 215 373 fistula
225 316 385 390 disparibus
396 316 528 389 paulatim
538 320 630 393 surgit
641 319 748 375 avenis.

125 395 195 448 Tum
206 392 263 448 lino
273 393 378 449 medias
388 401 415 449 et
424 393 496 448 ceris
507 392 604 467 alligat
611 394 692 458 imas,

124 478 205 541 atque
216 468 253 551 ita
263 469 429 541 compositas
440 485 525 540 parvo
536 470 698 525 curvamine
708 467 799 535 flectit,

69 555 108 599 195
125 553 156 599 ut
168 561 245 599 veras
260 545 383 599 imitetur
392 561 472 599 aves,
498 545 570 599 Puer
578 545 672 600 learns
682 562 739 600 una

54 675 58 681 ,
125 619 222 684 stabat,
234 628 270 683 et,
282 621 395 693 ignarus
404 636 454 675 sua
465 637 495 675 se
505 627 619 675 tractare
633 619 747 692 pericla,

122 713 169 750 ore
180 694 316 749 renidenti
327 694 408 749 modo
417 712 487 768 quas
499 712 567 769 vaga
577 704 702 752 moverat
712 713 785 760 aura,

125 770 251 843 captabat
260 771 379 843 plumas,
395 768 493 826 flavam
505 769 585 825 modo
596 771 698 843 pollice
708 786 796 826 ceram

124 845 259 910 mollibat,
273 845 393 918 lusuque
402 863 453 901 suo
463 845 591 901 mirabile
602 847 689 918 patris

69 932 108 976 200
123 921 294 992 impediebat
304 938 385 994 opus.
401 922 550 994 Postquam
560 919 856 991 manusultimacoeptis

125 997 253 1068 imposita
263 1005 313 1062 est,
325 996 450 1070 geminas
460 996 556 1068 opifex
566 997 680 1052 libravit
690 997 719 1051 in
729 996 786 1051 alas

122 1074 183 1144 ipse
193 1089 275 1126 suum
286 1089 396 1144 corpus,
409 1080 537 1144 motaque
548 1071 680 1144 pependit
690 1072 720 1127 in
730 1088 803 1127 aura.

123 1148 238 1202 lnstruit
247 1155 274 1202 et
284 1156 393 1202 natum:
410 1147 570 1219 »Mediaque
582 1155 612 1202 ut
623 1145 712 1202 limite
724 1162 823 1214 curres,

123 1222 207 1287 Icare,
220 1223 266 1287 ait,
278 1238 386 1287 moneo,
398 1240 442 1288 ne,
454 1222 479 1278 si
490 1222 637 1278 demissior
646 1222 713 1288 ibis,

68 1308 107 1352 205
125 1296 199 1352 unda
209 1306 306 1371 gravet
319 1315 433 1369 pennas,
446 1298 471 1352 si
480 1296 590 1363 celsior,
602 1298 678 1372 ignis
688 1297 794 1353 edurat.

123 1373 196 1427 Inter
209 1381 358 1446 utrumque
369 1373 441 1429 mla.
474 1374 567 1429 Necte
578 1381 701 1445 spectare
711 1373 808 1428 Booten

124 1457 171 1503 aut
180 1448 292 1504 Helicen
303 1449 396 1514 iubeo,
409 1449 571 1504 strictumve
584 1448 694 1505 Orionis
705 1463 811 1504 ensem:

56 1539 59 1543 ·
122 1541 166 1578 me
180 1523 249 1580 duce
260 1541 342 1596 carpe
352 1524 453 1580 viamar
481 1524 585 1580 Pariter
593 1531 739 1596 praecepta
750 1518 847 1579 volendi

121 1598 213 1663 tradit,
224 1609 251 1655 et
262 1600 369 1674 ignotas
380 1598 504 1654 humeris
518 1598 705 1655 accommodat
715 1597 782 1654 alas.

67 1684 107 1728 210
122 1675 195 1729 Inter
204 1692 275 1745 opus
288 1675 465 1747 monitusque
474 1672 811 1749 genaemaduereseniles,

123 1758 151 1805 et
163 1750 266 1819 patriae
277 1758 412 1805 tremuere
427 1768 535 1805 manus.
564 1750 645 1806 Dedit
657 1748 753 1805 oscula
763 1755 821 1804 nato

123 1841 177 1879 non
187 1825 287 1879 iterum
298 1825 446 1897 repetenda
456 1842 521 1894 su03
538 1826 694 1899 pennisque
705 1823 810 1880 levatus

124 1900 279 1965 antevolat,
291 1901 441 1973 comitique
455 1902 543 1966 timet,
557 1900 635 1956 velut
644 1900 712 1965 ales,
726 1901 760 1955 ab
771 1900 822 1955 alto

124 1992 194 2047 quae
205 1985 326 2031 teneram
337 1976 443 2049 prolem
454 1976 585 2049 produxit
595 1977 623 2030 in
638 1977 699 2030 aira
711 1974 790 2043 nido;

67 2061 107 2105 215
122 2051 300 2123 hortaturque
311 2052 400 2126 sequi,
413 2051 615 2124 damnosasque
625 2049 718 2107 erudit
728 2058 808 2114 artes,

124 2135 150 2182 et
161 2136 251 2183 movet
261 2128 322 2200 ipse
331 2145 396 2183 suas
406 2136 433 2183 et
443 2129 499 2183 nati
510 2128 624 2199 respicit
632 2125 700 2181 alas.

123 2203 178 2258 llos
188 2203 291 2275 aliquis
301 2201 417 2259 tremula
428 2202 496 2257 dum
506 2210 597 2275 captat
605 2201 741 2257 arundine
751 2202 847 2273 pisces,

124 2287 171 2333 aut
180 2287 272 2350 pastor
282 2277 389 2345 baculo,
402 2279 507 2333 stivave
519 2278 633 2332 innixus
644 2285 742 2340 arator,

122 2353 193 2408 vidit
203 2353 387 2427 etobstupult,
402 2352 622 2425 quiqueaethera
628 2368 742 2423 carpere
747 2355 861 2423 possent,

68 2437 107 2482 lto
123 2429 240 2484 credidit
251 2447 311 2485 esse
322 2429 398 2484 dece.
432 2428 530 2482 Etiam
541 2427 655 2483 lunonia
668 2425 744 2482 laeva

122 2513 197 2575 parte
208 2503 303 2560 Samos
315 2503 412 2568 fuerat,
424 2502 559 2575 Delosque
568 2503 707 2573 Pamsque
718 2501 837 2564 relictae,

722 40 727 49 .
814 40 820 49 .
844 40 890 121 ³1³³*

122 2575 862 2655 dextraLebynthoseratfecundaquemelleCalymne:

124 2670 211 2726 quum
221 2671 291 2726 puer
301 2655 397 2710 audaci
408 2654 498 2726 coepit
506 2652 626 2727 gaudere
638 2651 740 2716 volatu,
