1876 3480
120 184 154 237 et
312 188 676 237 P.0vtD11NAsoN1s

276 322 431 383 LIBER
471 321 711 383 TERTIUS.

121 434 237 515 Iamque
248 442 316 498 deus
327 443 415 515 posite
426 441 532 499 fallacis
543 443 666 516 imagine
675 443 746 497 teuri

121 536 151 573 se
162 518 304 574 confessus
316 527 381 583 eret,
393 519 559 590 Dictaeaque
568 535 631 572 rure
642 518 765 573 tenebat:

119 612 207 666 quum
216 603 292 666 pater
303 595 416 667 ignarus
430 600 535 666 raptam
548 594 710 664 perquirere
721 593 824 650 Cadmo

119 671 245 742 imperat,
258 679 284 725 et
294 685 420 742 poenam,
433 669 458 724 si
469 686 523 724 non
536 669 684 732 invenerit,
700 668 778 724 addit

65 758 76 799 t
120 747 261 810 exsilium,
277 745 348 800 iacto
358 744 422 816 pius
433 752 460 798 et
470 744 620 799 sceleratus
631 744 738 799 eodem.

119 819 192 876 Orbe
202 829 340 892 pererrato
351 818 425 893 (quis
436 820 511 874 enim
522 818 693 891 deprendere
704 821 792 891 possit

123 895 195 952 furta
214 895 319 970 lovisl)
338 894 473 969 profugus
489 896 661 967 patriamque
676 896 804 967 iramque
821 912 872 968 pa-

618 971 704 1025 rentis

121 1048 188 1102 vitat
197 1045 378 1118 Agenorides,
393 1045 556 1116 Phoebique
567 1043 677 1100 oracula
689 1045 811 1116 supplex

42 1164 45 1176 ,
122 1120 242 1178 consulit
252 1129 279 1175 et
291 1137 362 1191 quae
372 1122 409 1175 sit
419 1120 502 1177 tellus
514 1120 671 1184 habitanda,
684 1121 812 1191 requirit.

66 1208 92 1251 to
124 1198 189 1251 »Bos
200 1195 265 1251 tibia
276 1195 405 1251 Phoebus
415 1198 454 1251 ait
464 1196 546 1251 »solis
555 1205 680 1251 occurret
690 1196 719 1250 in
731 1196 816 1259 arvis,

123 1270 231 1328 nullum
245 1288 325 1343 passa
335 1273 434 1346 iugum
447 1272 583 1342 curvique
593 1271 727 1325 immunis
737 1272 831 1326 aratri.

120 1348 176 1402 llac
185 1345 256 1401 duce
267 1363 348 1419 carpe
359 1347 419 1402 vias
430 1354 522 1417 etqua
533 1347 703 1419 requieverit
712 1346 808 1411 herba,

122 1423 230 1477 moenia
242 1422 284 1478 fac
294 1423 405 1487 condes,
417 1422 582 1494 Boeotiaque
593 1420 642 1477 illu
653 1431 773 1477 vocatos

159 1498 214 1554 Vix
225 1497 295 1553 benc
306 1498 424 1554 Castalio
433 1496 553 1554 Cadmus
563 1496 744 1552 descenderat
752 1505 839 1561 antro,

66 1583 93 1626 te
121 1574 317 1629 incustoditam
329 1573 402 1629 lente
412 1573 489 1629 videt
499 1573 539 1628 ire
550 1573 697 1628 iuvencum

123 1649 233 1703 nullum
242 1650 349 1704 servitii
360 1649 472 1723 signum
483 1649 591 1704 cervice
600 1657 752 1722 gerentem.

121 1723 307 1794 Subsequitur
319 1739 471 1796 pressoque
483 1724 551 1797 legit
563 1725 680 1798 vestigia
692 1740 801 1797 gressu,

123 1807 318 1870 auctoremque
328 1799 390 1854 viae
400 1798 544 1854 Phoebum
554 1800 708 1854 taciturnus
717 1798 822 1855 adorat.

121 1875 178 1929 Iam
190 1873 259 1928 vade
272 1873 385 1945 Cephisi
395 1875 576 1946 Panopesque
590 1876 714 1930 ‘evaserat
723 1892 803 1930 arva:

67 1959 93 2004 tt
127 1948 177 2003 bos
187 1949 263 2004 stetit
275 1956 302 2004 et
312 1949 411 2005 tollens
421 1951 570 2022 spatiosam
580 1949 711 2005 cornibus
721 1950 786 2004 altis

123 2024 158 2081 ad
168 2024 277 2080 coelum
288 2023 404 2080 frontem
414 2025 570 2098 mugitibus
581 2026 695 2097 impulit
705 2042 796 2080 curas.

122 2099 212 2173 Atque
223 2100 260 2156 ite
271 2101 423 2172 respiciens
434 2101 548 2156 comites
559 2118 609 2157 sua
619 2109 695 2174 terge
706 2109 855 2172 sequentes

122 2177 271 2248 procubuit
282 2186 431 2249 teneraque
442 2175 514 2232 latus
525 2176 657 2231 submisit
667 2177 696 2231 in
708 2175 804 2230 herbe.

124 2250 243 2307 Cadmus
253 2253 312 2327 agit
320 2255 422 2326 grates,
433 2252 652 2326 peregrinaeque
662 2251 756 2307 oscula
767 2260 856 2306 terroe

68 2337 94 2380 25
129 2325 198 2399 figit,
211 2336 238 2382 et
247 2329 356 2401 ignotos
367 2337 473 2383 montes
483 2344 619 2402 agrosque
633 2326 743 2382 salutet.

123 2399 204 2456 Sacre
214 2404 272 2457 Iovi
283 2402 405 2460 lecturus
415 2411 485 2460 erat:
503 2403 582 2459 iubet
591 2403 631 2457 ire
641 2402 783 2457 ministros

124 2483 151 2529 et
161 2485 253 2548 petere
263 2494 278 2531 e
288 2479 362 2534 vivis
374 2478 499 2535 libandas
510 2477 633 2534 fontibus
647 2477 746 2533 undes.

161 2550 237 2607 Silvn
247 2561 327 2608 vetus
338 2554 427 2610 stabat
435 2553 512 2609 nulla
522 2552 623 2609 violate
634 2554 736 2617 securi,

125 2634 152 2680 et
162 2643 262 2698 specus
273 2628 303 2682 in
315 2629 415 2694 medio,
429 2629 517 2761 virgis
530 2645 561 2684 ac
571 2629 676 2685 vimine
686 2627 801 2692 densus,

58 2710 90 2752 se
120 2700 396 2761 efficiensbumilem
405 2704 464 2779 lapi
485 2703 723 2778 umcompegibus
734 2719 840 2768 etcum,
