1876 3480
130 132 180 185 356
323 135 354 181 Ρ.
375 134 504 180 ovtott
524 134 693 179 NASONIS

75 252 115 295 tot
129 237 275 295 Occiderat
285 237 391 301 Tatius,
404 233 573 308 populisque
583 242 701 308 aequata
711 234 834 302 duobus,

130 313 257 376 Romule,
269 313 330 367 iura
341 312 441 368 dabas:
460 311 548 383 posita
559 328 649 383 quum
659 312 770 367 casside
784 314 890 370 Mavors

132 386 888 460 talibusadiaturdivumquehominumqueparentem:

132 465 381 537 oTcrnpusadest‚D
365 464 472 518 ‘renitor
474 462 788 534 quoniamiundamine
795 482 890 539 magno

133 560 178 598 res
187 542 307 596 Romana
320 538 400 602 valet,
414 555 465 592 nec
476 537 603 610 praeside
614 538 719 609 pendet
729 539 765 596 ab
776 557 842 606 uno,

77 631 116 673 tro
132 620 263 691 praemia,
277 632 347 687 qnae
359 615 494 687 promissa
506 613 575 667 mibi
590 613 735 688 dignoque
750 618 866 689 nepoti,-

133 693 250 756 snlvere,
264 700 291 746 et
301 691 424 746 ablatum
435 690 515 745 terris
527 691 669 760 imponere
680 691 771 746 coelo.

135 771 176 825 Tu
188 767 258 823 mibi
270 766 389 822 concilio
398 765 538 838 qnondam
550 776 696 836 praesente
710 767 838 831 deorum.

135 862 199 900 nam
209 860 340 904 memoro,
354 842 527 912 memorique
538 841 683 912 animopia
691 843 779 898 verba
786 844 887 900 notavi:

130 922 221 975 ‘Unus
231 920 293 979 erit.
306 935 389 990 quern
403 927 431 973 tu
442 916 523 972 tolles
534 916 568 971 ad
579 917 670 972 sidera
682 917 777 984 coeli,‘

78 1010 117 1052 tlt
133 996 242 1051 dixisti.
275 995 341 1050 Rata
352 995 390 1049 sit
400 993 548 1048 verborum
559 1010 668 1048 summa
680 1004 823 1050 tuoruma

135 1072 241 1127 Annuit
251 1071 433 1141 Omnipotens
443 1112 449 1133 ‚
461 1078 488 1123 et
499 1068 623 1122 nubibus
635 1072 696 1124 a'e'ra
708 1073 803 1125 caecis

134 1147 267 1208 occuluit,
280 1147 441 1216 tonitruque
452 1153 479 1199 et
490 1142 601 1217 fulgure
612 1146 713 1201 terruit
723 1146 832 1202 orbem.

135 1222 211 1291 Quae
222 1221 277 1277 sibi
289 1222 441 1292 promissae
452 1221 540 1274 sensit
551 1219 612 1274 data
624 1220 705 1293 signa
718 1224 841 1294 rapinae.

135 1299 305 1369 innixusque
318 1296 411 1351 bastae
424 1313 532 1367 pressos
544 1305 652 1357 temone
666 1307 783 1353 cruento

80 1389 119 1431 tto
136 1372 296 1447 impavidus
306 1371 468 1427 conscendit
478 1388 565 1444 equos
575 1371 728 1437 Gradivus,
745 1383 773 1430 et
783 1378 840 1430 ictu

138 1450 260 1505 verberis
272 1449 420 1520 increpuit,
433 1464 608 1520 pronumque
619 1451 741 1518 perae'ra
754 1448 847 1522 lapsus

137 1526 260 1583 constitit
272 1525 300 1579 in
312 1540 421 1578 summo
432 1524 568 1578 nemorosi
580 1523 651 1578 colle
661 1524 764 1580 Palati:

137 1602 355 1672 reddentemque
365 1617 416 1654 suo
428 1600 483 1654 iam
494 1601 570 1673 regia
581 1600 640 1653 iura
652 1598 756 1665 Quiriti

138 1677 252 1733 abstulit
263 1676 377 1731 lliaden.
411 1675 517 1746 Corpus
528 1674 642 1729 mortale
654 1693 704 1747 per
715 1695 797 1732 auras

82 1768 120 1809 825
138 1755 277 1825 dilapsum
289 1761 395 1815 tenues,
413 1769 465 1805 ceu
480 1752 530 1805 lata
543 1750 673 1821 plumbea
687 1751 773 1807 lunda

138 1832 221 1884 missa
236 1827 306 1883 solet
316 1828 407 1881 medio
417 1827 497 1900 glans
510 1827 680 1881 intabescere
692 1828 781 1883 coelo.

139 1905 256 1960 Pulchra
267 1903 345 1958 subit
357 1903 440 1957 iacies
453 1912 479 1958 et
491 1902 686 1973 pulvinaribus
699 1903 764 1958 altis

139 1982 261 2049 dignior,
274 1990 300 2034 et
311 1980 402 2052 qualis
414 1979 528 2034 trabeati
542 1977 626 2033 lorrna
638 1978 762 2044 Quirini.

178 2057 272 2112 Flebat
284 2065 313 2110 ut
324 2057 456 2109 amissum
469 2056 581 2118 coniux,
594 2072 681 2126 quum
694 2058 771 2129 regia
784 2059 847 2112 luno

83 2147 122 2188 tto
139 2136 193 2187 bin
204 2131 239 2186 ad
250 2132 396 2186 Hersiliam
411 2130 578 2184 descendere
592 2129 678 2184 limite
690 2148 779 2186 curvo

139 2211 264 2279 imperat,
277 2217 304 2262 et
315 2225 417 2262 vacuae
429 2225 478 2260 sua
490 2207 531 2259 sic
543 2207 669 2260 mandata
680 2207 800 2263 relcrre:

140 2284 176 2340 »Ο
187 2293 213 2338 et
224 2283 257 2338 de
269 2283 357 2347 Latio,
371 2301 387 2337 o
399 2292 425 2337 et
436 2282 469 2335 de
480 2291 562 2354 gente
573 2282 674 2337 Sabina

139 2360 334 2432 praecipuum
358 2367 494 2419 matrona,
517 2357 617 2423 decus,
640 2357 809 2430 dignissima
830 2356 886 2414 tanti

139 2434 338 2490 antefuisse
313 2435 374 2496 vrri
388 2433 490 2487 coniux
503 2450 576 2487 nunc
588 2451 648 2488 esse
659 2413 783 2500 Quirini

154 2513 204 2588 ste
219 2520 280 2565 tuos
292 2508 384 2575 iletus3
402 2517 428 2562 ct
439 2523 462 2558 sr
456 2506 529 2560 'sibi
541 2526 606 2565 cura
617 2509 734 2564 videndi

103 2623 143 2667 770
158 2553 268 2662 Vifpgis
279 2595 329 2649 est,
342 2585 412 2638 duce
424 2598 467 2635 mc
480 2580 574 2638 lucum
586 2596 660 2673 pete,¹
676 2585 747 2641 colle
758 2585 865 2653 Quirini

155 2707 185 2746 ca
187 2696 280 2764 pta
229 2668 280 2740 et,
292 2671 319 2719 ct
330 2656 595 2871 ιθῐηὝιιι
603 2678 677 2734 regis
689 2662 848 2719 obumbrat
851 2684 862 2714 r

343 2878 389 2944 ad
