1876 3480
156 163 205 215 3⁰8
344 166 370 210 Ρ.
392 163 518 211 OVIDII
538 162 715 211 NASONIS

155 275 283 341 occupet,
300 275 382 340 atque
397 265 518 340 aliquem
534 264 617 322 vobis
630 266 881 340 quoquereddatle·

654 360 763 399 norem.

155 418 268 494 Repulit
278 416 419 474 Actorides
434 417 488 472 sub
498 416 622 491 imagine
633 426 715 475 tutus
725 418 835 477 Achillia

155 498 238 553 Troas
248 495 283 550 ab
294 495 397 550 arsuris
408 511 470 549 cum
482 490 628 549 defensore
639 496 757 553 carinis.

97 583 138 629 ιιι
153 573 259 629 Ausum
270 572 353 626 etiam
362 571 493 626 Hectoreo
503 567 594 625 solum
605 586 774 629 concurrere
783 570 850 629 llarti

153 667 183 705 se
194 656 281 722 putat,
293 646 396 703 oblitus
407 646 539 721 regisque
548 643 716 721 ducumque
725 649 840 723 meique,

155 742 244 782 nonus
253 723 283 779 in
292 721 384 779 officio
397 732 423 777 et
436 719 575 795 praelatus
584 737 706 780 munere
715 725 806 782 sortis.

153 800 207 857 Sed
218 809 309 857 tamen
320 808 436 854 eventus
448 806 563 863 vestrae,
577 795 742 869 fortissime,
754 818 774 876 p
841 818 854 857 e

155 877 218 952 quis
229 874 300 932 luit‘l
318 877 417 931 Hector
427 873 484 930 abit
493 872 614 930 violatus
624 874 745 935 vulnere
756 895 794 934 nu
806 877 814 933 Ι
831 919 837 931 .

97 962 137 1008 ιιι
152 955 195 1010 Me
206 953 349 1017 miserum,
362 959 466 1024 quanto
476 965 559 1024 cogor
567 952 735 1010 meminisse
745 952 834 1011 dolore

153 1029 285 1103 temporis
299 1026 386 1092 illius,
400 1039 455 1100 quo
465 1024 582 1083 Graium
593 1044 705 1095 murus,
717 1028 837 1087 Achilles

153 1103 315 1179 procubuit!
338 1119 388 1158 nec
399 1120 443 1161 me
457 1100 586 1158 lacrimae
597 1101 751 1179 luctusque
762 1106 877 1179 timorque

152 1180 306 1244 tardarunt,
322 1179 391 1251 quin
402 1194 502 1252 corpus
516 1176 601 1234 humo
612 1179 739 1239 sublime
749 1180 872 1239 referrem.

153 1257 201 1313 llis
217 1254 355 1320 humeris,
371 1253 431 1320 his,
449 1256 577 1328 inquam,
600 1253 734 1389 hurpeplisl
743 1275 796 1334 ego
808 1271 884 1329 corpu

674 1349 691 1388 c
714 1332 723 1389 i
737 1333 773 1391 lis

96 1420 135 1464 ιιι
152 1406 268 1466 etsimul
274 1424 348 1464 arma
355 1405 422 1462 tuli:
455 1423 506 1462 uae
517 1423 591 1461 nunc
602 1407 882 1481 quoquelerrelabqu·

152 1484 222 1541 Sunt
233 1483 314 1550 mihi,
326 1500 397 1557 quae
409 1424 557 1538 vilermis
568 1481 634 1539 talia
645 1485 779 1558 pondera,
794 1486 868 1549 vires

153 1570 195 1616 est
205 1562 314 1616 animus
327 1568 400 1615 certe
413 1567 516 1615 vestros
528 1575 662 1615 sensurus
677 1560 806 1619 honores.

152 1636 265 1693 Scilicet
274 1635 378 1691 idcirco
388 1653 438 1708 pro
448 1643 531 1709 gnato
542 1633 651 1691 caerula
663 1648 752 1693 mater

151 1713 295 1769 ambitiosa
306 1730 356 1767 suo
368 1710 429 1775 luit,
442 1720 473 1767 ut
486 1710 614 1767 coelestia
626 1710 709 1779 dona,

95 1801 134 1844 2⁹0
150 1790 216 1845 artis
227 1807 297 1861 opus
309 1797 406 1853 tantae,
420 1787 497 1842 rudis
509 1796 536 1843 et
546 1788 606 1843 sine
618 1798 730 1860 pectore
742 1789 820 1845 miles

150 1862 294 1921 indueret‘l
313 1865 409 1938 Neque
421 1865 496 1918 enim
507 1861 598 1938 clypei
610 1864 763 1922 caelamina
775 1866 848 1925 norit.

150 1958 283 1998 occanum
294 1951 321 1995 et
331 1950 426 2005 terras,
439 1956 560 2013 cumque
570 1938 625 1995 alto
636 1940 729 1998 sidera
740 1940 823 2006 coelo,

152 2016 332 2089 Pleiadasque
349 2015 526 2090 Hyadesque,
549 2017 762 2149 immuppmque
777 2014 883 2090 aequoris

671 2103 758 2160 roton,

153 2170 334 2241 diversasque
344 2168 437 2231 urbes,
451 2167 626 2240 nitidumque
636 2167 751 2226 Orionis
761 2185 855 2225 ensem.

95 2257 134 2300 tat
149 2246 281 2310 Postulat,
293 2254 324 2301 ut
333 2245 431 2316 capiat,
445 2261 516 2316 quae
526 2261 580 2299 oon
591 2244 735 2320 intelligit,
748 2263 828 2302 arma.

151 2319 225 2388 Quid
236 2321 310 2394 quod
324 2338 376 2385 me,
389 2319 451 2375 duri
466 2319 618 2393 lugientem
630 2337 747 2378 munera
757 2320 830 2383 belli,

152 2399 242 2472 arguit
254 2399 361 2470 incepto
372 2413 464 2451 serum
475 2396 625 2451 accessisse
637 2395 736 2463 labori,

151 2491 201 2527 nac
213 2492 242 2529 se
253 2474 428 2548 magnanimo
439 2470 602 2527 maledicere
613 2473 698 2528 sentit
711 2470 829 2529 Achilli?

153 2549 182 2603 Si
193 2548 339 2605 simulasse
352 2567 432 2604 vocas
443 2549 557 2613 crimen,
570 2548 768 2604 simulavimus
778 2545 861 2603 ambo:

97 2635 136 2678 stt
151 2625 175 2679 si
187 2642 260 2680 mora
272 2643 320 2697 pro
335 2624 416 2697 culpa
427 2633 476 2688 est,
491 2641 541 2698 ego
552 2640 614 2679 sum
626 2624 760 2679 maturior
770 2622 825 2679 illo.

149 2701 194 2759 Me
207 2701 253 2778 pia
265 2699 386 2759 detinuit
396 2700 512 2765 coniux,
520 2700 569 2772 pia
575 2708 661 2754 mater
675 2698 820 2755 achillem:
