<?xml version="1.0" encoding="UTF-8"?>
<!DOCTYPE html PUBLIC "-//W3C//DTD XHTML 1.0 Transitional//EN"
    "http://www.w3.org/TR/xhtml1/DTD/xhtml1-transitional.dtd">
<html xmlns="http://www.w3.org/1999/xhtml" xml:lang="en" lang="en">
 <head>
  <title>
</title>
<meta http-equiv="Content-Type" content="text/html;charset=utf-8" />
  <meta name='ocr-system' content='tesseract 3.04.00' />
  <meta name='ocr-capabilities' content='ocr_page ocr_carea ocr_par ocr_line ocrx_word'/>
</head>
<body>
  <div class='ocr_page' id='page_1' title='image "./operaomnia02ovidgoog/operaomnia02ovidgoog_0197.png"; bbox 0 0 1876 3480; ppageno 0'>
   <div class='ocr_carea' id='block_1_1' title="bbox 172 122 779 212">
    <p class='ocr_par' dir='ltr' id='par_1_1' title="bbox 172 110 938 212">
     <span class='ocr_line' id='line_1_1' title="bbox 172 122 779 212; baseline -0.003 0"><span class='ocrx_word' id='word_1_1' title='bbox 172 154 219 212; x_wconf 75' lang='grc'><strong>154</strong></span> <span class='ocrx_word' id='word_1_2' title='bbox 355 164 385 210; x_wconf 82' lang='lat'><strong>1².</strong></span> <span class='ocrx_word' id='word_1_3' title='bbox 407 156 538 210; x_wconf 77' lang='grc'>(41111111</span> <span class='ocrx_word' id='word_1_4' title='bbox 553 122 728 209; x_wconf 65' lang='grc'>1114141415</span> <span class='ocrx_word' id='word_1_5' title='bbox 755 154 779 163; x_wconf 80' lang='grc'><strong>·’</strong></span> 
     </span>
    </p>
   </div>
   <div class='ocr_carea' id='block_1_2' title="bbox 61 260 936 2671">
    <p class='ocr_par' dir='ltr' id='par_1_2' title="bbox 113 260 930 640">
     <span class='ocr_line' id='line_1_2' title="bbox 113 260 930 339; baseline -0.001 -17"><span class='ocrx_word' id='word_1_6' title='bbox 113 278 152 322; x_wconf 81' lang='grc'><strong>415</strong></span> <span class='ocrx_word' id='word_1_7' title='bbox 168 280 250 339; x_wconf 80' lang='lat' dir='ltr'><strong>quem</strong></span> <span class='ocrx_word' id='word_1_8' title='bbox 260 263 411 339; x_wconf 78' lang='lat' dir='ltr'><strong>Meleagros</strong></span> <span class='ocrx_word' id='word_1_9' title='bbox 422 270 488 320; x_wconf 74' lang='lat' dir='ltr'><strong>erat.</strong></span> <span class='ocrx_word' id='word_1_10' title='bbox 517 264 628 320; x_wconf 78' lang='lat' dir='ltr'><strong>Primus</strong></span> <span class='ocrx_word' id='word_1_11' title='bbox 636 261 746 319; x_wconf 75' lang='lat' dir='ltr'><strong>vidisse</strong></span> <span class='ocrx_word' id='word_1_12' title='bbox 755 260 885 336; x_wconf 62' lang='lat' dir='ltr'><strong>}fflffli·</strong></span> <span class='ocrx_word' id='word_1_13' title='bbox 918 296 930 321; x_wconf 39' lang='lat' dir='ltr'><strong>‚a</strong></span> 
     </span>
     <span class='ocr_line' id='line_1_3' title="bbox 169 338 818 415; baseline -0.006 -18"><span class='ocrx_word' id='word_1_14' title='bbox 169 351 196 397; x_wconf 90' lang='lat' dir='ltr'><strong>et</strong></span> <span class='ocrx_word' id='word_1_15' title='bbox 206 342 313 415; x_wconf 83' lang='lat' dir='ltr'><strong>primns</strong></span> <span class='ocrx_word' id='word_1_16' title='bbox 323 341 406 396; x_wconf 84' lang='lat' dir='ltr'><strong>sociis</strong></span> <span class='ocrx_word' id='word_1_17' title='bbox 416 341 508 395; x_wconf 74' lang='lat' dir='ltr'><strong>visum</strong></span> <span class='ocrx_word' id='word_1_18' title='bbox 517 338 672 396; x_wconf 64' lang='lat' dir='ltr'><strong>ostendhso</strong></span> <span class='ocrx_word' id='word_1_19' title='bbox 681 343 818 404; x_wconf 70' lang='grc'>(4111614111,</span> 
     </span>
     <span class='ocr_line' id='line_1_4' title="bbox 170 415 858 482; baseline -0.006 -10"><span class='ocrx_word' id='word_1_20' title='bbox 170 425 196 472; x_wconf 87' lang='lat' dir='ltr'><strong>et</strong></span> <span class='ocrx_word' id='word_1_21' title='bbox 206 418 356 480; x_wconf 71' lang='lat' dir='ltr'><strong>antonum,</strong></span> <span class='ocrx_word' id='word_1_22' title='bbox 369 416 484 482; x_wconf 80' lang='lat' dir='ltr'>dixisse,</span> <span class='ocrx_word' id='word_1_23' title='bbox 499 415 570 471; x_wconf 77' lang='lat' dir='ltr'><strong>feres</strong></span> <span class='ocrx_word' id='word_1_24' title='bbox 581 416 692 472; x_wconf 70' lang='lat' dir='ltr'><strong>virmtit</strong></span> <span class='ocrx_word' id='word_1_25' title='bbox 703 415 858 470; x_wconf 69' lang='lat' dir='ltr'><strong>honoiem</strong></span> 
     </span>
     <span class='ocr_line' id='line_1_5' title="bbox 169 489 836 564; baseline -0.003 -18"><span class='ocrx_word' id='word_1_26' title='bbox 169 493 311 547; x_wconf 82' lang='lat' dir='ltr'><strong>Erubueie</strong></span> <span class='ocrx_word' id='word_1_27' title='bbox 322 493 385 556; x_wconf 85' lang='lat' dir='ltr'><strong>viri,</strong></span> <span class='ocrx_word' id='word_1_28' title='bbox 398 504 483 564; x_wconf 89' lang='lat' dir='ltr'><strong>seque</strong></span> <span class='ocrx_word' id='word_1_29' title='bbox 494 491 681 556; x_wconf 75' lang='lat' dir='ltr'><strong>exhortantur,-</strong></span> <span class='ocrx_word' id='word_1_30' title='bbox 693 498 723 546; x_wconf 85' lang='lat' dir='ltr'><strong>et</strong></span> <span class='ocrx_word' id='word_1_31' title='bbox 731 489 836 546; x_wconf 63' lang='lat' dir='ltr'><strong>§ddunt</strong></span> 
     </span>
     <span class='ocr_line' id='line_1_6' title="bbox 170 563 897 640; baseline -0.006 -18"><span class='ocrx_word' id='word_1_32' title='bbox 170 585 234 622; x_wconf 90' lang='lat' dir='ltr'><strong>cum</strong></span> <span class='ocrx_word' id='word_1_33' title='bbox 245 568 363 625; x_wconf 87' lang='lat' dir='ltr'><strong>clamore</strong></span> <span class='ocrx_word' id='word_1_34' title='bbox 374 567 489 633; x_wconf 88' lang='lat' dir='ltr'><strong>animos,</strong></span> <span class='ocrx_word' id='word_1_35' title='bbox 501 568 663 640; x_wconf 82' lang='lat' dir='ltr'><strong>iaciuntque</strong></span> <span class='ocrx_word' id='word_1_36' title='bbox 671 567 734 621; x_wconf 87' lang='lat' dir='ltr'><strong>sine</strong></span> <span class='ocrx_word' id='word_1_37' title='bbox 744 565 839 620; x_wconf 85' lang='lat' dir='ltr'><strong>ordine</strong></span> <span class='ocrx_word' id='word_1_38' title='bbox 848 563 897 620; x_wconf 82' lang='lat' dir='ltr'><strong>nn.</strong></span> 
     </span>
    </p>

    <p class='ocr_par' dir='ltr' id='par_1_3' title="bbox 114 638 927 1018">
     <span class='ocr_line' id='line_1_7' title="bbox 114 638 870 716; baseline -0.007 -17"><span class='ocrx_word' id='word_1_39' title='bbox 114 655 154 699; x_wconf 80' lang='grc'><strong>341</strong></span> <span class='ocrx_word' id='word_1_40' title='bbox 169 644 259 699; x_wconf 87' lang='lat' dir='ltr'><strong>Turba</strong></span> <span class='ocrx_word' id='word_1_41' title='bbox 271 648 350 698; x_wconf 88' lang='lat' dir='ltr'><strong>nocet</strong></span> <span class='ocrx_word' id='word_1_42' title='bbox 359 644 448 708; x_wconf 87' lang='lat' dir='ltr'><strong>iactis,</strong></span> <span class='ocrx_word' id='word_1_43' title='bbox 460 653 487 698; x_wconf 89' lang='lat' dir='ltr'><strong>et</strong></span> <span class='ocrx_word' id='word_1_44' title='bbox 497 656 567 716; x_wconf 87' lang='lat' dir='ltr'><strong>quos</strong></span> <span class='ocrx_word' id='word_1_45' title='bbox 576 643 654 715; x_wconf 85' lang='lat' dir='ltr'><strong>petit,</strong></span> <span class='ocrx_word' id='word_1_46' title='bbox 666 638 786 714; x_wconf 78' lang='lat' dir='ltr'><strong>impedit</strong></span> <span class='ocrx_word' id='word_1_47' title='bbox 795 640 870 695; x_wconf 76' lang='lat' dir='ltr'><strong>ictus.</strong></span> 
     </span>
     <span class='ocr_line' id='line_1_8' title="bbox 170 715 844 789; baseline -0.004 -15"><span class='ocrx_word' id='word_1_48' title='bbox 170 720 241 774; x_wconf 88' lang='lat' dir='ltr'><strong>Ecce</strong></span> <span class='ocrx_word' id='word_1_49' title='bbox 252 719 346 774; x_wconf 85' lang='lat' dir='ltr'><strong>furens</strong></span> <span class='ocrx_word' id='word_1_50' title='bbox 357 726 450 774; x_wconf 84' lang='lat' dir='ltr'><strong>contra</strong></span> <span class='ocrx_word' id='word_1_51' title='bbox 460 728 510 774; x_wconf 85' lang='lat' dir='ltr'><strong>sua</strong></span> <span class='ocrx_word' id='word_1_52' title='bbox 521 718 573 773; x_wconf 79' lang='lat' dir='ltr'><strong>iate</strong></span> <span class='ocrx_word' id='word_1_53' title='bbox 585 715 744 789; x_wconf 65' lang='lat' dir='ltr'><strong>bipenniiti</strong></span> <span class='ocrx_word' id='word_1_54' title='bbox 753 715 844 777; x_wconf 72' lang='lat' dir='ltr'><strong>Artis,</strong></span> 
     </span>
     <span class='ocr_line' id='line_1_9' title="bbox 171 791 923 866; baseline 0.003 -21"><span class='ocrx_word' id='word_1_55' title='bbox 171 795 295 859; x_wconf 66' lang='lat' dir='ltr'><strong>»Discite</strong></span> <span class='ocrx_word' id='word_1_56' title='bbox 311 794 438 849; x_wconf 83' lang='lat' dir='ltr'><strong>femineis</strong></span> <span class='ocrx_word' id='word_1_57' title='bbox 448 793 517 866; x_wconf 88' lang='lat' dir='ltr'><strong>quid</strong></span> <span class='ocrx_word' id='word_1_58' title='bbox 527 792 580 848; x_wconf 87' lang='lat' dir='ltr'><strong>teia</strong></span> <span class='ocrx_word' id='word_1_59' title='bbox 590 791 683 847; x_wconf 68' lang='lat' dir='ltr'><strong>virilia</strong></span> <span class='ocrx_word' id='word_1_60' title='bbox 693 794 840 865; x_wconf 65' lang='lat' dir='ltr'><strong>preestdiit,</strong></span> <span class='ocrx_word' id='word_1_61' title='bbox 920 830 923 835; x_wconf 91' lang='lat'>-</span> 
     </span>
     <span class='ocr_line' id='line_1_10' title="bbox 169 866 927 942; baseline -0.001 -18"><span class='ocrx_word' id='word_1_62' title='bbox 169 871 320 934; x_wconf 84' lang='lat' dir='ltr'><strong>oiuvenes,</strong></span> <span class='ocrx_word' id='word_1_63' title='bbox 335 871 468 942; x_wconf 88' lang='lat' dir='ltr'><strong>operique</strong></span> <span class='ocrx_word' id='word_1_64' title='bbox 478 874 540 924; x_wconf 80' lang='lat' dir='ltr'><strong>mec</strong></span> <span class='ocrx_word' id='word_1_65' title='bbox 550 866 706 923; x_wconf 63' lang='lat' dir='ltr'><strong>concedite«</strong></span> <span class='ocrx_word' id='word_1_66' title='bbox 716 867 798 924; x_wconf 68' lang='lat' dir='ltr'><strong>diiii.</strong></span> <span class='ocrx_word' id='word_1_67' title='bbox 925 873 927 882; x_wconf 92' lang='lat'>&#39;</span> 
     </span>
     <span class='ocr_line' id='line_1_11' title="bbox 171 943 838 1018; baseline 0.003 -23"><span class='ocrx_word' id='word_1_68' title='bbox 171 946 246 1016; x_wconf 84' lang='lat' dir='ltr'><strong>»Ipsa</strong></span> <span class='ocrx_word' id='word_1_69' title='bbox 257 947 316 1000; x_wconf 90' lang='lat' dir='ltr'><strong>suis</strong></span> <span class='ocrx_word' id='word_1_70' title='bbox 328 944 392 999; x_wconf 87' lang='lat' dir='ltr'><strong>licet</strong></span> <span class='ocrx_word' id='word_1_71' title='bbox 401 944 476 998; x_wconf 81' lang='lat' dir='ltr'><strong>huno</strong></span> <span class='ocrx_word' id='word_1_72' title='bbox 486 943 598 1001; x_wconf 80' lang='lat' dir='ltr'><strong>Latonia</strong></span> <span class='ocrx_word' id='word_1_73' title='bbox 609 946 735 1018; x_wconf 63' lang='lat' dir='ltr'><strong>proteget</strong></span> <span class='ocrx_word' id='word_1_74' title='bbox 746 943 838 1006; x_wconf 69' lang='lat' dir='ltr'><strong>Affinis,</strong></span> 
     </span>
    </p>

    <p class='ocr_par' dir='ltr' id='par_1_4' title="bbox 115 1016 857 1169">
     <span class='ocr_line' id='line_1_12' title="bbox 115 1016 857 1092; baseline -0.005 -18"><span class='ocrx_word' id='word_1_75' title='bbox 115 1030 154 1074; x_wconf 81' lang='grc'><strong>345</strong></span> <span class='ocrx_word' id='word_1_76' title='bbox 169 1021 256 1075; x_wconf 86' lang='lat' dir='ltr'><strong>invita</strong></span> <span class='ocrx_word' id='word_1_77' title='bbox 266 1029 356 1075; x_wconf 87' lang='lat' dir='ltr'><strong>tamen</strong></span> <span class='ocrx_word' id='word_1_78' title='bbox 365 1019 440 1074; x_wconf 88' lang='lat' dir='ltr'><strong>hunc</strong></span> <span class='ocrx_word' id='word_1_79' title='bbox 450 1018 568 1092; x_wconf 74' lang='lat' dir='ltr'><strong>peiiinet</strong></span> <span class='ocrx_word' id='word_1_80' title='bbox 576 1026 636 1074; x_wconf 78' lang='lat' dir='ltr'><strong>insa</strong></span> <span class='ocrx_word' id='word_1_81' title='bbox 645 1018 743 1074; x_wconf 74' lang='lat' dir='ltr'><strong>dextit</strong></span> <span class='ocrx_word' id='word_1_82' title='bbox 751 1016 857 1074; x_wconf 60' lang='lat' dir='ltr'><strong>manna</strong></span> 
     </span>
     <span class='ocr_line' id='line_1_13' title="bbox 172 1094 841 1169; baseline 0 -20"><span class='ocrx_word' id='word_1_83' title='bbox 172 1094 246 1167; x_wconf 71' lang='lat' dir='ltr'><strong>Talia</strong></span> <span class='ocrx_word' id='word_1_84' title='bbox 257 1094 434 1169; x_wconf 85' lang='lat' dir='ltr'><strong>magniloquo</strong></span> <span class='ocrx_word' id='word_1_85' title='bbox 443 1094 567 1150; x_wconf 77' lang='lat' dir='ltr'><strong>tumidus</strong></span> <span class='ocrx_word' id='word_1_86' title='bbox 577 1094 777 1151; x_wconf 67' lang='lat' dir='ltr'><strong>memet-&#39;inem</strong></span> <span class='ocrx_word' id='word_1_87' title='bbox 785 1094 841 1158; x_wconf 76' lang='lat' dir='ltr'><strong>die,</strong></span> 
     </span>
    </p>

    <p class='ocr_par' dir='ltr' id='par_1_5' title="bbox 61 1169 893 1394">
     <span class='ocr_line' id='line_1_14' title="bbox 61 1169 838 1242; baseline -0.001 -17"><span class='ocrx_word' id='word_1_88' title='bbox 61 1214 71 1233; x_wconf 86' lang='grc'><strong>,.</strong></span> <span class='ocrx_word' id='word_1_89' title='bbox 173 1171 378 1242; x_wconf 79' lang='lat' dir='ltr'><strong>ancipitemque</strong></span> <span class='ocrx_word' id='word_1_90' title='bbox 387 1178 470 1225; x_wconf 83' lang='lat' dir='ltr'><strong>manu</strong></span> <span class='ocrx_word' id='word_1_91' title='bbox 480 1169 580 1226; x_wconf 78' lang='lat' dir='ltr'><strong>tollens</strong></span> <span class='ocrx_word' id='word_1_92' title='bbox 590 1174 708 1242; x_wconf 70' lang='lat' dir='ltr'><strong>utraque</strong></span> <span class='ocrx_word' id='word_1_93' title='bbox 716 1169 838 1225; x_wconf 75' lang='lat' dir='ltr'><strong>seddiiffl</strong></span> 
     </span>
     <span class='ocr_line' id='line_1_15' title="bbox 173 1245 840 1318; baseline -0.003 -18"><span class='ocrx_word' id='word_1_94' title='bbox 173 1247 309 1300; x_wconf 82' lang='lat' dir='ltr'><strong>institerat</strong></span> <span class='ocrx_word' id='word_1_95' title='bbox 319 1245 425 1318; x_wconf 86' lang='lat' dir='ltr'><strong>digitis,</strong></span> <span class='ocrx_word' id='word_1_96' title='bbox 438 1246 542 1318; x_wconf 62' lang='lat' dir='ltr'><strong>mimos</strong></span> <span class='ocrx_word' id='word_1_97' title='bbox 552 1246 706 1318; x_wconf 67' lang='lat' dir='ltr'><strong>suspendiis</strong></span> <span class='ocrx_word' id='word_1_98' title='bbox 714 1245 746 1300; x_wconf 83' lang='lat' dir='ltr'><strong>in</strong></span> <span class='ocrx_word' id='word_1_99' title='bbox 755 1250 840 1300; x_wconf 68' lang='lat' dir='ltr'><strong>ditos.</strong></span> 
     </span>
     <span class='ocr_line' id='line_1_16' title="bbox 172 1314 893 1394; baseline 0.001 -20"><span class='ocrx_word' id='word_1_100' title='bbox 172 1321 294 1392; x_wconf 79' lang='lat' dir='ltr'><strong>Occupat</strong></span> <span class='ocrx_word' id='word_1_101' title='bbox 304 1321 458 1386; x_wconf 73' lang='lat' dir='ltr'><strong>audentem,</strong></span> <span class='ocrx_word' id='word_1_102' title='bbox 470 1328 581 1394; x_wconf 77' lang='lat' dir='ltr'><strong>quaque</strong></span> <span class='ocrx_word' id='word_1_103' title='bbox 590 1320 632 1375; x_wconf 84' lang='lat' dir='ltr'><strong>est</strong></span> <span class='ocrx_word' id='word_1_104' title='bbox 644 1320 688 1374; x_wconf 77' lang='lat' dir='ltr'><strong>tia</strong></span> <span class='ocrx_word' id='word_1_105' title='bbox 696 1320 824 1393; x_wconf 67' lang='lat' dir='ltr'><strong>pionimd</strong></span> <span class='ocrx_word' id='word_1_106' title='bbox 832 1314 893 1381; x_wconf 80' lang='lat' dir='ltr'><strong>nto..</strong></span> 
     </span>
    </p>

    <p class='ocr_par' dir='ltr' id='par_1_6' title="bbox 115 1392 927 1770">
     <span class='ocr_line' id='line_1_17' title="bbox 115 1392 880 1470; baseline 0 -20"><span class='ocrx_word' id='word_1_107' title='bbox 115 1404 155 1450; x_wconf 82' lang='grc'>4111</span> <span class='ocrx_word' id='word_1_108' title='bbox 171 1413 277 1450; x_wconf 88' lang='lat' dir='ltr'><strong>summa</strong></span> <span class='ocrx_word' id='word_1_109' title='bbox 288 1395 363 1451; x_wconf 85' lang='lat' dir='ltr'><strong>ferus</strong></span> <span class='ocrx_word' id='word_1_110' title='bbox 373 1397 498 1470; x_wconf 79' lang='lat' dir='ltr'><strong>geminos</strong></span> <span class='ocrx_word' id='word_1_111' title='bbox 509 1396 611 1451; x_wconf 78' lang='lat' dir='ltr'><strong>direxit</strong></span> <span class='ocrx_word' id='word_1_112' title='bbox 620 1395 649 1449; x_wconf 82' lang='lat' dir='ltr'><strong>in</strong></span> <span class='ocrx_word' id='word_1_113' title='bbox 660 1392 880 1468; x_wconf 67' lang='lat' dir='ltr'><strong>ingenuosetas.</strong></span> 
     </span>
     <span class='ocr_line' id='line_1_18' title="bbox 174 1462 890 1545; baseline -0.006 -18"><span class='ocrx_word' id='word_1_114' title='bbox 174 1471 299 1528; x_wconf 88' lang='lat' dir='ltr'><strong>Concidit</strong></span> <span class='ocrx_word' id='word_1_115' title='bbox 307 1473 442 1536; x_wconf 85' lang='lat' dir='ltr'><strong>Ancaeus,</strong></span> <span class='ocrx_word' id='word_1_116' title='bbox 458 1470 663 1545; x_wconf 74' lang='lat' dir='ltr'><strong>glomerataque</strong></span> <span class='ocrx_word' id='word_1_117' title='bbox 672 1462 890 1544; x_wconf 63' lang='lat' dir='ltr'><strong>sanguineum</strong></span> 
     </span>
     <span class='ocr_line' id='line_1_19' title="bbox 172 1543 896 1619; baseline -0.003 -19"><span class='ocrx_word' id='word_1_118' title='bbox 172 1543 896 1619; x_wconf 72' lang='lat' dir='ltr'><strong>visceralapsanium,madefactaquetarnenontn</strong></span> 
     </span>
     <span class='ocr_line' id='line_1_20' title="bbox 173 1618 765 1694; baseline -0.002 -18"><span class='ocrx_word' id='word_1_119' title='bbox 173 1622 231 1676; x_wconf 86' lang='lat' dir='ltr'><strong>ibat</strong></span> <span class='ocrx_word' id='word_1_120' title='bbox 241 1624 269 1676; x_wconf 90' lang='lat' dir='ltr'><strong>in</strong></span> <span class='ocrx_word' id='word_1_121' title='bbox 281 1621 427 1678; x_wconf 83' lang='lat' dir='ltr'><strong>adversum</strong></span> <span class='ocrx_word' id='word_1_122' title='bbox 441 1620 532 1694; x_wconf 85' lang='lat' dir='ltr'><strong>proles</strong></span> <span class='ocrx_word' id='word_1_123' title='bbox 543 1621 646 1676; x_wconf 79' lang='lat' dir='ltr'><strong>ixionis</strong></span> <span class='ocrx_word' id='word_1_124' title='bbox 656 1618 765 1676; x_wconf 77' lang='lat' dir='ltr'><strong>hostem</strong></span> 
     </span>
     <span class='ocr_line' id='line_1_21' title="bbox 173 1692 927 1770; baseline -0.007 -20"><span class='ocrx_word' id='word_1_125' title='bbox 173 1697 321 1762; x_wconf 82' lang='lat' dir='ltr'><strong>Pirithous,</strong></span> <span class='ocrx_word' id='word_1_126' title='bbox 335 1696 424 1752; x_wconf 88' lang='lat' dir='ltr'><strong>valida</strong></span> <span class='ocrx_word' id='word_1_127' title='bbox 437 1698 564 1770; x_wconf 85' lang='lat' dir='ltr'><strong>quatiens</strong></span> <span class='ocrx_word' id='word_1_128' title='bbox 574 1696 712 1752; x_wconf 85' lang='lat' dir='ltr'><strong>venabula</strong></span> <span class='ocrx_word' id='word_1_129' title='bbox 722 1692 828 1751; x_wconf 77' lang='lat' dir='ltr'><strong>dextra.</strong></span> <span class='ocrx_word' id='word_1_130' title='bbox 922 1728 927 1745; x_wconf 89' lang='lat'><strong>.</strong></span> 
     </span>
    </p>

    <p class='ocr_par' dir='ltr' id='par_1_7' title="bbox 117 1768 936 1984">
     <span class='ocr_line' id='line_1_22' title="bbox 117 1768 871 1846; baseline 0 -22"><span class='ocrx_word' id='word_1_131' title='bbox 117 1780 156 1824; x_wconf 88' lang='grc'><strong>415</strong></span> <span class='ocrx_word' id='word_1_132' title='bbox 171 1771 222 1826; x_wconf 88' lang='lat' dir='ltr'><strong>Cui</strong></span> <span class='ocrx_word' id='word_1_133' title='bbox 232 1772 326 1842; x_wconf 86' lang='lat' dir='ltr'><strong>procul</strong></span> <span class='ocrx_word' id='word_1_134' title='bbox 337 1772 472 1846; x_wconf 83' lang='lat' dir='ltr'><strong>Aegides:</strong></span> <span class='ocrx_word' id='word_1_135' title='bbox 484 1770 521 1828; x_wconf 70' lang='lat'><strong>»0</strong></span> <span class='ocrx_word' id='word_1_136' title='bbox 531 1789 574 1826; x_wconf 91' lang='lat' dir='ltr'><strong>me</strong></span> <span class='ocrx_word' id='word_1_137' title='bbox 584 1768 654 1826; x_wconf 88' lang='lat' dir='ltr'><strong>mihi</strong></span> <span class='ocrx_word' id='word_1_138' title='bbox 665 1772 763 1836; x_wconf 84' lang='lat' dir='ltr'><strong>carior,</strong></span> <span class='ocrx_word' id='word_1_139' title='bbox 779 1771 871 1844; x_wconf 71' lang='lat' dir='ltr'><strong>inquit,</strong></span> 
     </span>
     <span class='ocr_line' id='line_1_23' title="bbox 173 1845 936 1918; baseline 0 -18"><span class='ocrx_word' id='word_1_140' title='bbox 173 1865 236 1918; x_wconf 86' lang='lat' dir='ltr'><strong>pars</strong></span> <span class='ocrx_word' id='word_1_141' title='bbox 248 1848 354 1902; x_wconf 82' lang='lat' dir='ltr'><strong>animae</strong></span> <span class='ocrx_word' id='word_1_142' title='bbox 364 1849 483 1903; x_wconf 85' lang='lat' dir='ltr'><strong>consiste</strong></span> <span class='ocrx_word' id='word_1_143' title='bbox 494 1848 584 1902; x_wconf 82' lang='lat' dir='ltr'><strong>meae!</strong></span> <span class='ocrx_word' id='word_1_144' title='bbox 597 1845 662 1901; x_wconf 87' lang='lat' dir='ltr'><strong>lieet</strong></span> <span class='ocrx_word' id='word_1_145' title='bbox 671 1846 782 1901; x_wconf 84' lang='lat' dir='ltr'><strong>eminus</strong></span> <span class='ocrx_word' id='word_1_146' title='bbox 792 1852 849 1902; x_wconf 82' lang='lat' dir='ltr'><strong>esse</strong></span> <span class='ocrx_word' id='word_1_147' title='bbox 934 1872 936 1879; x_wconf 91' lang='grc'><strong><em>·</em></strong></span> 
     </span>
     <span class='ocr_line' id='line_1_24' title="bbox 174 1921 808 1984; baseline -0.002 -8"><span class='ocrx_word' id='word_1_148' title='bbox 174 1921 304 1977; x_wconf 84' lang='lat' dir='ltr'><strong>fortibus:</strong></span> <span class='ocrx_word' id='word_1_149' title='bbox 317 1926 424 1980; x_wconf 81' lang='lat' dir='ltr'><strong>Ancaeo</strong></span> <span class='ocrx_word' id='word_1_150' title='bbox 434 1922 529 1978; x_wconf 87' lang='lat' dir='ltr'><strong>nocuit</strong></span> <span class='ocrx_word' id='word_1_151' title='bbox 538 1923 681 1978; x_wconf 79' lang='lat' dir='ltr'><strong>temeraria</strong></span> <span class='ocrx_word' id='word_1_152' title='bbox 691 1921 808 1984; x_wconf 65' lang='lat' dir='ltr'><strong>uirtus«</strong></span> 
     </span>
    </p>

    <p class='ocr_par' dir='ltr' id='par_1_8' title="bbox 172 1994 832 2149">
     <span class='ocr_line' id='line_1_25' title="bbox 173 1994 813 2072; baseline 0 -20"><span class='ocrx_word' id='word_1_153' title='bbox 173 1999 256 2062; x_wconf 84' lang='lat' dir='ltr'><strong>Dixit,</strong></span> <span class='ocrx_word' id='word_1_154' title='bbox 269 2005 296 2053; x_wconf 84' lang='lat' dir='ltr'><strong>et</strong></span> <span class='ocrx_word' id='word_1_155' title='bbox 306 2007 393 2054; x_wconf 87' lang='lat' dir='ltr'><strong>aerata</strong></span> <span class='ocrx_word' id='word_1_156' title='bbox 403 2000 482 2053; x_wconf 88' lang='lat' dir='ltr'><strong>torsit</strong></span> <span class='ocrx_word' id='word_1_157' title='bbox 492 2014 576 2072; x_wconf 78' lang='lat' dir='ltr'><strong>grave</strong></span> <span class='ocrx_word' id='word_1_158' title='bbox 586 1994 702 2069; x_wconf 82' lang='lat' dir='ltr'><strong>cuspide</strong></span> <span class='ocrx_word' id='word_1_159' title='bbox 712 2002 813 2052; x_wconf 81' lang='lat' dir='ltr'><strong>cotun:</strong></span> 
     </span>
     <span class='ocr_line' id='line_1_26' title="bbox 172 2068 832 2149; baseline 0 -21"><span class='ocrx_word' id='word_1_160' title='bbox 172 2091 227 2144; x_wconf 92' lang='lat' dir='ltr'><strong>quo</strong></span> <span class='ocrx_word' id='word_1_161' title='bbox 237 2074 306 2128; x_wconf 90' lang='lat' dir='ltr'><strong>bene</strong></span> <span class='ocrx_word' id='word_1_162' title='bbox 317 2074 414 2128; x_wconf 80' lang='lat' dir='ltr'><strong>librato</strong></span> <span class='ocrx_word' id='word_1_163' title='bbox 425 2074 537 2145; x_wconf 85' lang='lat' dir='ltr'><strong>votique</strong></span> <span class='ocrx_word' id='word_1_164' title='bbox 548 2079 658 2146; x_wconf 84' lang='lat' dir='ltr'><strong>potente</strong></span> <span class='ocrx_word' id='word_1_165' title='bbox 668 2068 761 2128; x_wconf 77' lang='lat' dir='ltr'><strong>futuro</strong></span> <span class='ocrx_word' id='word_1_166' title='bbox 830 2142 832 2149; x_wconf 33' lang='grc' dir='ltr'>Ι</span> 
     </span>
    </p>

    <p class='ocr_par' dir='ltr' id='par_1_9' title="bbox 117 2146 936 2446">
     <span class='ocr_line' id='line_1_27' title="bbox 117 2146 927 2204; baseline 0.001 -4"><span class='ocrx_word' id='word_1_167' title='bbox 117 2154 157 2200; x_wconf 87' lang='grc'>4111</span> <span class='ocrx_word' id='word_1_168' title='bbox 172 2149 277 2204; x_wconf 88' lang='lat' dir='ltr'><strong>obstitit</strong></span> <span class='ocrx_word' id='word_1_169' title='bbox 287 2147 412 2204; x_wconf 88' lang='lat' dir='ltr'><strong>aesculea</strong></span> <span class='ocrx_word' id='word_1_170' title='bbox 422 2147 568 2203; x_wconf 83' lang='lat' dir='ltr'><strong>frondosus</strong></span> <span class='ocrx_word' id='word_1_171' title='bbox 579 2146 613 2204; x_wconf 89' lang='lat' dir='ltr'><strong>ab</strong></span> <span class='ocrx_word' id='word_1_172' title='bbox 623 2146 719 2203; x_wconf 88' lang='lat' dir='ltr'><strong>arbore</strong></span> <span class='ocrx_word' id='word_1_173' title='bbox 730 2150 833 2203; x_wconf 80' lang='lat' dir='ltr'><strong>remiis.</strong></span> <span class='ocrx_word' id='word_1_174' title='bbox 923 2182 927 2195; x_wconf 83' lang='lat'><strong>·</strong></span> 
     </span>
     <span class='ocr_line' id='line_1_28' title="bbox 172 2218 936 2297; baseline -0.009 -17"><span class='ocrx_word' id='word_1_175' title='bbox 172 2225 247 2280; x_wconf 88' lang='lat' dir='ltr'><strong>Misit</strong></span> <span class='ocrx_word' id='word_1_176' title='bbox 258 2233 284 2278; x_wconf 86' lang='lat' dir='ltr'><strong>et</strong></span> <span class='ocrx_word' id='word_1_177' title='bbox 293 2223 444 2278; x_wconf 78' lang='lat' dir='ltr'><strong>Aesonides</strong></span> <span class='ocrx_word' id='word_1_178' title='bbox 454 2222 586 2288; x_wconf 82' lang='lat' dir='ltr'><strong>iaculum,</strong></span> <span class='ocrx_word' id='word_1_179' title='bbox 599 2221 673 2294; x_wconf 89' lang='lat' dir='ltr'><strong>quod</strong></span> <span class='ocrx_word' id='word_1_180' title='bbox 684 2230 766 2277; x_wconf 84' lang='lat' dir='ltr'><strong>casus</strong></span> <span class='ocrx_word' id='word_1_181' title='bbox 776 2218 812 2278; x_wconf 83' lang='lat' dir='ltr'><strong>ab</strong></span> <span class='ocrx_word' id='word_1_182' title='bbox 820 2218 865 2277; x_wconf 85' lang='lat' dir='ltr'><strong>ilio</strong></span> <span class='ocrx_word' id='word_1_183' title='bbox 934 2288 936 2297; x_wconf 37' lang='grc' dir='ltr'>Ι</span> 
     </span>
     <span class='ocr_line' id='line_1_29' title="bbox 173 2295 801 2361; baseline -0.002 -8"><span class='ocrx_word' id='word_1_184' title='bbox 173 2301 293 2353; x_wconf 82' lang='lat' dir='ltr'><strong>venitin</strong></span> <span class='ocrx_word' id='word_1_185' title='bbox 304 2298 436 2353; x_wconf 85' lang='lat' dir='ltr'><strong>immeriti</strong></span> <span class='ocrx_word' id='word_1_186' title='bbox 447 2295 534 2353; x_wconf 84' lang='lat' dir='ltr'><strong>iatum</strong></span> <span class='ocrx_word' id='word_1_187' title='bbox 545 2297 676 2361; x_wconf 88' lang='lat' dir='ltr'><strong>latrantis,</strong></span> <span class='ocrx_word' id='word_1_188' title='bbox 690 2306 718 2352; x_wconf 89' lang='lat' dir='ltr'><strong>et</strong></span> <span class='ocrx_word' id='word_1_189' title='bbox 727 2296 801 2353; x_wconf 71' lang='lat' dir='ltr'><strong>inter</strong></span> 
     </span>
     <span class='ocr_line' id='line_1_30' title="bbox 172 2371 775 2446; baseline 0.003 -20"><span class='ocrx_word' id='word_1_190' title='bbox 172 2374 219 2428; x_wconf 89' lang='lat' dir='ltr'><strong>ilia</strong></span> <span class='ocrx_word' id='word_1_191' title='bbox 231 2376 385 2430; x_wconf 84' lang='lat' dir='ltr'><strong>coniectum</strong></span> <span class='ocrx_word' id='word_1_192' title='bbox 396 2372 496 2428; x_wconf 84' lang='lat' dir='ltr'><strong>teliore</strong></span> <span class='ocrx_word' id='word_1_193' title='bbox 506 2388 556 2446; x_wconf 83' lang='lat' dir='ltr'><strong>per</strong></span> <span class='ocrx_word' id='word_1_194' title='bbox 566 2371 613 2427; x_wconf 87' lang='lat' dir='ltr'><strong>iiia</strong></span> <span class='ocrx_word' id='word_1_195' title='bbox 625 2371 712 2426; x_wconf 84' lang='lat' dir='ltr'><strong>fi&#39;xum</strong></span> <span class='ocrx_word' id='word_1_196' title='bbox 722 2381 775 2428; x_wconf 84' lang='lat' dir='ltr'><strong>est.</strong></span> 
     </span>
    </p>

    <p class='ocr_par' dir='ltr' id='par_1_10' title="bbox 174 2442 841 2520">
     <span class='ocr_line' id='line_1_31' title="bbox 174 2442 841 2520; baseline -0.001 -18"><span class='ocrx_word' id='word_1_197' title='bbox 174 2448 208 2503; x_wconf 92' lang='lat' dir='ltr'><strong>At</strong></span> <span class='ocrx_word' id='word_1_198' title='bbox 217 2467 313 2504; x_wconf 86' lang='lat' dir='ltr'><strong>manus</strong></span> <span class='ocrx_word' id='word_1_199' title='bbox 324 2442 446 2505; x_wconf 84' lang='lat' dir='ltr'><strong>Oenidae</strong></span> <span class='ocrx_word' id='word_1_200' title='bbox 458 2448 557 2503; x_wconf 83' lang='lat' dir='ltr'><strong>variat:</strong></span> <span class='ocrx_word' id='word_1_201' title='bbox 570 2447 720 2520; x_wconf 81' lang='lat' dir='ltr'><strong>missisque</strong></span> <span class='ocrx_word' id='word_1_202' title='bbox 732 2444 841 2503; x_wconf 81' lang='lat' dir='ltr'><strong>duabus</strong></span> 
     </span>
    </p>

    <p class='ocr_par' dir='ltr' id='par_1_11' title="bbox 118 2522 805 2599">
     <span class='ocr_line' id='line_1_32' title="bbox 118 2522 805 2599; baseline 0.004 -25"><span class='ocrx_word' id='word_1_203' title='bbox 118 2528 158 2574; x_wconf 89' lang='grc'><strong>415</strong></span> <span class='ocrx_word' id='word_1_204' title='bbox 172 2523 249 2579; x_wconf 84' lang='lat' dir='ltr'><strong>hasta</strong></span> <span class='ocrx_word' id='word_1_205' title='bbox 259 2526 334 2596; x_wconf 84' lang='lat' dir='ltr'><strong>prior</strong></span> <span class='ocrx_word' id='word_1_206' title='bbox 343 2534 422 2590; x_wconf 80' lang='lat' dir='ltr'><strong>terra,</strong></span> <span class='ocrx_word' id='word_1_207' title='bbox 435 2523 527 2579; x_wconf 90' lang='lat' dir='ltr'><strong>medio</strong></span> <span class='ocrx_word' id='word_1_208' title='bbox 538 2522 612 2578; x_wconf 86' lang='lat' dir='ltr'><strong>stetit</strong></span> <span class='ocrx_word' id='word_1_209' title='bbox 622 2522 704 2577; x_wconf 79' lang='lat' dir='ltr'><strong>altere</strong></span> <span class='ocrx_word' id='word_1_210' title='bbox 715 2528 805 2599; x_wconf 68' lang='lat' dir='ltr'><strong>tergo.</strong></span> 
     </span>
    </p>

    <p class='ocr_par' dir='ltr' id='par_1_12' title="bbox 175 2592 908 2671">
     <span class='ocr_line' id='line_1_33' title="bbox 175 2592 908 2671; baseline -0.004 -19"><span class='ocrx_word' id='word_1_211' title='bbox 175 2599 230 2653; x_wconf 90' lang='lat' dir='ltr'><strong>Nec</strong></span> <span class='ocrx_word' id='word_1_212' title='bbox 248 2616 336 2655; x_wconf 84' lang='lat' dir='ltr'><strong>mora:</strong></span> <span class='ocrx_word' id='word_1_213' title='bbox 359 2598 425 2655; x_wconf 84' lang='lat' dir='ltr'><strong>dum</strong></span> <span class='ocrx_word' id='word_1_214' title='bbox 445 2601 547 2665; x_wconf 80' lang='lat' dir='ltr'><strong>saevit,</strong></span> <span class='ocrx_word' id='word_1_215' title='bbox 569 2594 635 2653; x_wconf 87' lang='lat' dir='ltr'><strong>dum</strong></span> <span class='ocrx_word' id='word_1_216' title='bbox 655 2604 768 2671; x_wconf 70' lang='lat' dir='ltr'><strong>corpora</strong></span> <span class='ocrx_word' id='word_1_217' title='bbox 784 2592 908 2653; x_wconf 73' lang='lat' dir='ltr'><strong>verenti</strong></span> 
     </span>
    </p>
   </div>
   <div class='ocr_carea' id='block_1_3' title="bbox 49 2666 718 2856">
    <p class='ocr_par' dir='ltr' id='par_1_13' title="bbox 49 2666 718 2856">
     <span class='ocr_line' id='line_1_34' title="bbox 49 2666 718 2856; baseline -0.003 -126"><span class='ocrx_word' id='word_1_218' title='bbox 49 2742 138 2856; x_wconf 76' lang='grc'><em>·</em></span> <span class='ocrx_word' id='word_1_219' title='bbox 611 2666 718 2738; x_wconf 84' lang='lat' dir='ltr'><strong>orbem,</strong></span> 
     </span>
    </p>
   </div>
   <div class='ocr_carea' id='block_1_4' title="bbox 932 40 942 2243">
    <p class='ocr_par' dir='ltr' id='par_1_14' title="bbox 932 40 942 2243">
     <span class='ocr_line' id='line_1_35' title="bbox 932 40 942 2243; baseline 0 0"><span class='ocrx_word' id='word_1_220' title='bbox 932 40 942 2243; x_wconf 95' lang='lat' dir='ltr'><strong> </strong></span> 
     </span>
    </p>
   </div>
   <div class='ocr_carea' id='block_1_5' title="bbox 0 0 949 3480">
    <p class='ocr_par' dir='ltr' id='par_1_15' title="bbox 0 0 949 3480">
     <span class='ocr_line' id='line_1_36' title="bbox 0 0 949 3480; baseline 0 0"><span class='ocrx_word' id='word_1_221' title='bbox 0 0 949 3480; x_wconf 95' lang='lat' dir='ltr'><strong> </strong></span> 
     </span>
    </p>
   </div>
  </div>
 </body>
</html>
