1876 3480
126 156 160 212 22
315 160 343 206 P.
363 160 493 208 ovum
510 158 679 207 NASOMS

128 272 154 319 et
164 263 267 336 patitur
277 262 362 336 tangi,
374 278 460 334 seque
470 259 670 317 admirantibus
680 257 768 316 offert.

71 347 109 395 645
127 341 273 410 Decerptas
283 340 375 392 senior
387 344 545 409 porrexerat
557 336 677 392 Inachus
688 335 799 400 herbas,

126 414 174 469 illa
187 431 285 468 manus
296 412 402 477 lambit,
413 413 566 484 patriisque
576 411 623 466 dat
632 411 726 468 oscula
736 409 852 483 palmis;

126 507 176 544 nec
186 490 285 544 retinet
295 488 423 544 lacrimas
433 496 474 551 66,
485 489 510 542 si
520 486 602 542 modo
612 488 696 543 verba
707 488 858 559 supersint,

126 574 184 620 oret
193 581 283 635 opem,
296 580 452 635 nomenque
462 580 546 618 suum
555 579 693 634 casusque
703 561 841 633 loquatur.

124 642 224 695 Littera
235 657 284 711 pro
295 639 398 703 verbis,
415 655 498 710 quam
509 655 558 711 pes
568 639 598 692 in
607 637 723 711 pulvere
734 637 823 702 duxit,

70 727 109 770 656
127 716 248 786 corporis
260 714 396 769 indicium
405 715 502 768 mutati
514 715 592 769 triste
602 714 720 786 peregit.

125 793 181 848 »Me
199 791 367 846 miseruml«
396 789 533 845 exclamat
550 797 628 861 pater
646 788 766 843 inachus
787 790 874 861 inque

617 865 754 938 gementis

124 943 253 997 cornibus
265 950 291 996 et
301 942 400 996 niveae
409 940 533 1012 pendens
544 941 653 996 cervice
663 940 807 1005 iuvencae,

123 1019 179 1074 »Me
190 1019 323 1072 miserum
331 1017 336 1070 l
345 1036 358 1071 6
368 1017 530 1090 ingeminat.
545 1018 637 1071 »Tune
648 1033 677 1070 es
688 1016 812 1087 quaesita
823 1033 874 1089 per

620 1107 724 1155 omnes,

125 1174 196 1230 nata,
208 1166 278 1220 mihi
290 1165 393 1220 terras‘l
414 1167 455 1220 Tu
465 1183 520 1220 non
530 1167 642 1221 inventa
652 1174 760 1238 reperta

69 1252 107 1295 655
127 1240 217 1295 luctus
228 1259 287 1295 6666
299 1240 395 1296 levior.
425 1241 543 1305 Retices,
563 1259 614 1296 nec
627 1250 722 1296 mutua
733 1244 836 1298 nostris

125 1315 195 1370 dicta
207 1315 306 1380 refers,
327 1315 382 1370 alto
392 1323 499 1371 tantum
509 1318 630 1389 suspiria
641 1317 721 1372 ducis

123 1399 245 1462 pectore‚
262 1391 392 1464 quodque
406 1409 493 1446 unum
504 1401 596 1464 potes,
613 1393 648 1447 ad
661 1410 722 1448 mea
734 1392 819 1449 verba
828 1411 874 1448 re·

621 1485 667 1523 mu
690 1486 723 1523 rs.

125 1540 160 1596 At
169 1540 221 1595 tibi
235 1557 285 1613 ego
296 1541 409 1614 ignarus
420 1541 555 1598 thalamos
567 1485 716 1615 taedasqgue
729 1543 870 1615 parabam.

124 1632 245 1687 spesque
256 1615 308 1670 luit
313 1618 409 1688 generi
419 1618 489 1672 mihi
495 1619 593 1690 prima,
600 1618 871 1691 secundanepotum.

69 1701 107 1744 666
124 1692 162 1744 Ι)6
173 1708 257 1764 grege
268 1708 342 1745 nunc
357 1692 409 1746 tibi
423 1693 507 1748 viret
522 1694 556 1748 de
571 1711 656 1768 grege
671 1702 752 1749 natus
765 1694 872 1750 haben-

619 1769 681 1824 dus.

122 1842 179 1896 Nec
190 1840 270 1896 finire
281 1840 345 1896 licet
356 1848 444 1896 tantos
455 1842 525 1896 mihi
534 1851 620 1899 morte
631 1843 750 1909 dolores,

124 1917 173 1970 sed
184 1925 263 1971 nocet
274 1935 333 1972 esse
344 1917 437 1982 deum,
457 1917 656 1990 praeclusaque
665 1920 749 1974 ianua
763 1918 812 1975 leti

122 2001 263 2047 aeternum
273 2000 379 2048 nostros
390 1992 480 2048 luctus
491 1992 614 2049 extendit
627 1996 657 2048 in
671 2011 798 2049 aevum«

123 2067 197 2122 Talia
209 2077 377 2123 moerentem
387 2067 511 2123 stellatus
523 2068 670 2126 submovet
678 2067 780 2143 Argus,

68 2151 106 2194 555
125 2151 301 2215 ereptamque
311 2144 382 2215 patri
392 2143 501 2198 diversa
511 2145 541 2198 in
550 2162 654 2216 pascua
667 2154 759 2200 natam

122 2217 265 2272 abstrahit.
298 2221 360 2290 lpse
373 2217 469 2290 procul
480 2220 581 2274 montis
592 2219 713 2275 sublime
722 2237 856 2276 cacumen

122 2300 246 2361 occupat,
259 2294 333 2348 unde
343 2294 442 2348 sedens
452 2303 543 2365 partes
553 2294 713 2368 speculetur
723 2297 752 2350 in
763 2312 869 2351 omnes.

159 2366 215 2419 Nec
225 2365 361 2436 Superum
372 2378 460 2424 rector
469 2369 795 2427 malatantaPhoronidos
800 2371 871 2426 ultra

124 2438 194 2493 ferre
203 2448 305 2511 potest,
326 2453 477 2515 natumque
488 2454 580 2511 vocat,
592 2464 676 2519 quem
688 2447 780 2502 lucida
790 2455 871 2518 partu

67 2524 105 2567 otu
123 2513 212 2569 Pleias
223 2516 303 2571 enixa
318 2527 372 2582 est,
391 2518 499 2591 letoque
511 2520 565 2586 det,
577 2523 702 2594 imperat,
714 2523 832 2595 Argum.

121 2589 207 2645 Parva
221 2608 296 2646 mora
307 2592 414 2650 6666166
426 2595 546 2668 pedibus
555 2599 719 2671 virgamque
729 2598 835 2669 potenti

123 2665 299 2721 somniferam
310 2673 446 2726 sumsisse
457 2689 549 2737 manu,
562 2674 739 2746 tegimenque
748 2672 869 2744 capillis.
