1876 3480
125 161 159 214 00
311 163 684 214 novrunuaaours

68 281 108 324 500
122 269 178 325 oris
189 268 318 324 Cerberei
332 286 446 341 spumas
457 277 483 324 et
494 269 572 324 virus
582 267 734 334 Echidnae,
779 333 783 339 ,

123 361 285 416 erroresque
295 361 390 418 vagos,
403 356 555 416 caecaeque
566 345 671 400 oblivia
682 346 793 411 mentis,

125 429 151 476 et
162 420 254 475 scelus
266 428 293 475 et
303 419 430 476 lacrimas
436 421 598 493 rabiemque
609 429 636 475 et
645 421 738 494 caedis
744 439 868 487 amorem,

79 499 89 524 ¹
125 497 218 552 omnia
228 497 289 552 trita
301 494 395 561 simul,
408 513 479 568 quae
490 497 627 570 sanguine
638 497 725 552 mixta
736 499 838 553 recenti

125 580 236 627 coxerat
246 589 308 627 aare
319 589 396 636 cavo,
411 573 495 627 viridi
507 579 612 627 versata
624 573 724 627 cicuta.

69 659 108 703 505
124 651 252 721 Dumque
261 656 364 720 pavent
373 647 426 713 illi,
442 649 526 703 vertit
539 646 640 704 luriale
653 665 792 703 venenum

125 734 224 797 pectus
234 725 263 779 in
274 723 428 790 amborum,
438 723 660 796 praecordiaque
672 725 769 780 intima
780 726 865 781 movit

126 803 197 856 Tum
206 799 266 855 lace
275 800 372 855 iactata
383 817 433 873 per
443 800 562 855 eundem
575 800 687 872 saepius
697 801 793 855 orbem

126 877 306 949 consequitur
316 883 404 932 motos
415 876 547 932 velociter
557 876 672 949 ignibus
682 877 774 951 ignes.

124 951 171 1008 Sic
183 953 284 1007 victrix
293 953 420 1025 iussique
430 960 527 1025 potens
538 951 573 1007 ad
584 952 676 1008 inania
690 953 785 1027 magni
836 987 839 989 Δ

9 1099 12 1103 ,
70 1041 110 1084 510
125 1046 209 1102 regna
220 1029 292 1082 redit
301 1028 380 1093 Ditis,
395 1016 576 1100 sumlumque
584 1029 738 1105 recingitur
747 1044 864 1103 anguem

162 1104 291 1159 Protinus
304 1102 433 1160 Aeolides
444 1104 535 1160 media
546 1103 717 1159 furibundus
728 1105 757 1160 in
768 1104 831 1160 aula

127 1179 241 1234 clamat:
263 1181 315 1244 nlo,
330 1181 454 1247 comites,
470 1180 516 1235 his
526 1181 594 1236 retia
607 1179 712 1236 tendite
726 1179 821 1236 siluisl
865 1182 868 1186 ⁴

125 1255 172 1310 hic
185 1255 341 1310 modorum
351 1257 463 1330 gemina
474 1257 534 1312 visa
545 1264 586 1311 est
596 1255 666 1311 mihi
672 1255 868 1328 prole-leaena<

125 1332 216 1404 thue
227 1330 303 1388 ‘letae
313 1333 441 1405 sequitur
450 1332 569 1406 vestigia
580 1333 708 1406 coniugis
719 1348 830 1388 amens:

70 1418 110 1462 505
125 1408 216 1480 deque
230 1409 296 1464 sinu
307 1409 402 1464 matris
412 1408 549 1465 ridentem
560 1416 586 1464 et
596 1415 680 1481 parva
689 1408 844 1464 Learchum

18 1486 19 1489 ’
127 1484 240 1540 brachia
251 1485 410 1541 tendentem
420 1485 492 1558 rapit
502 1483 587 1540 ethis
600 1491 697 1556 terque
706 1500 757 1556 par
767 1493 850 1540 auras

127 1578 202 1615 more
214 1568 283 1617 rotat
296 1560 408 1626 fundae,
427 1561 575 1636 rigidoque
586 1558 702 1615 inlantia
713 1577 781 1622 saxo

129 1636 244 1691 discutit
253 1655 300 1691 ora
311 1635 399 1692 ferox.
431 1639 502 1692 Tum
513 1637 635 1707 denique
645 1636 752 1691 concita
763 1644 858 1701 mater,

128 1729 178 1767 seu
188 1711 267 1766 dolor
277 1712 329 1766 hoc
339 1712 418 1776 lecit,
434 1730 484 1768 seu
498 1712 587 1784 sparsi
601 1728 698 1767 caussa
710 1700 821 1777 irenem,

2 1839 6 1847 ,
72 1799 111 1842 500
127 1786 253 1843 exululat
262 1788 409 1860 passisque
420 1787 493 1862 fugit
502 1787 574 1843 male
586 1805 653 1842 sana
662 1786 789 1859 capillis:

129 1874 211 1935 teque
226 1861 316 1918 ferens
326 1881 444 1935 parvum
455 1864 548 1929 nudis,
560 1864 710 1926 Melicerta,
724 1862 834 1920 lacertis

129 1940 218 1994 »Enoc
231 1938 350 1994 Bacchea
360 1948 449 1995 sonat.
478 1937 578 1995 Bacchi
590 1939 644 1994 sub
654 1940 766 1995 nomine
777 1941 844 1996 luno

128 2016 190 2071 risit
200 2023 228 2071 et
240 2015 308 2070 ullos
318 2031 387 2070 usus
397 2024 517 2088 praestet
527 2015 589 2080 tibi,
602 2015 684 2080 dixit,
697 2015 853 2072 alumnus«

167 2091 469 2163 Imminetaequoribus
480 2091 622 2164 scopulus,
634 2108 699 2163 pars
708 2093 764 2147 ima
770 2100 868 2147 cavatu

74 2179 113 2223 505
128 2166 260 2224 fluctibus
271 2175 299 2223 et
307 2174 392 2223 tectas
402 2166 527 2222 defendit
536 2167 572 2223 ab
579 2165 721 2222 imbribus
731 2166 830 2231 undas,

129 2262 238 2300 summa
248 2244 321 2318 riget
330 2243 504 2316 frontemque
519 2244 549 2298 in
564 2252 691 2315 apertum
704 2244 824 2317 porrigit
837 2260 868 2298 ae

670 2328 711 2373 ΟΥ.

130 2395 254 2466 Occupat
263 2394 338 2450 hunc
351 2335 752 2469 (vires-insaniafaoeffali)‘lam

129 2488 215 2542 seque
226 2488 311 2543 super
320 2479 437 2543 pontum
447 2468 526 2526 nullo
533 2469 643 2525 tardata
653 2470 752 2525 timore

131 2547 216 2602 mittit
228 2563 356 2619 onusque
371 2563 465 2602 suurn.
495 2546 868 2602 Percussarecanduitundt

74 2631 114 2677 53⁰
128 2621 163 2678 Aa
172 2622 266 2677 Venus
276 2623 430 2679 immeritae
440 2623 532 2693 neptis
540 2623 669 2679 miserata
681 2621 799 2677 labores

123 2699 169 2752 sic
174 2705 280 2771 patruo
288 2697 418 2756 blandita¹
427 2713 485 2756 suo
491 2705 549 2756 esta
570 2697 727 2755 »onumen
736 2713 868 2770 aquarum
