1876 3480
165 142 195 192 l0
351 145 381 191 Ρ.
404 144 534 192 0v1n11
552 144 723 193 NASONIS

161 248 317 319 emittitque
330 252 436 303 notum.
466 245 586 303 Madidis
596 255 678 302 notus
688 245 780 304 evolat
793 248 855 313 alis,

104 337 145 379 tte
162 322 316 380 terribilem
327 323 405 395 picea
416 331 504 378 tectus
515 322 636 397 caligine
646 322 767 379 vultum.

159 399 246 455 Barba
255 399 349 472 gravis
360 399 479 463 nimbiS,
500 398 578 453 canis
590 396 653 453 fluit
662 398 735 455 unda
745 398 867 471 capillis,

162 475 250 530 fronte
256 474 353 530 sedent
358 474 486 538 nebulae,
494 482 586 529 rorant
592 491 755 547 pennaeque
765 475 911 549 sinusque.

160 551 251 623 thue
262 567 346 606 manu
357 551 409 606 late
423 549 570 622 pendentia
585 550 682 605 nubila
696 552 807 622 pressit,

162 627 192 681 fit
203 626 295 700 fragor
308 635 335 681 et
347 625 427 681 densi
438 624 593 681 funduntur
602 626 638 681 ab
647 626 758 685 aethere
769 627 869 683 nimbi.

106 715 146 758 270
161 704 263 758 Nuntia
273 703 386 757 lunonis
399 703 488 757 varios
498 701 595 757 induta
606 702 711 758 colores

162 778 284 850 concipit
294 779 345 833 Iris
356 795 451 850 aquas,
463 776 650 850 alimentaque
661 778 787 834 nubibus
796 778 882 834 affert.

160 854 325 910 Sternuntur
337 862 445 927 segetes
456 862 484 909 et
494 851 633 925 deplorata
644 855 750 910 colonis

160 939 222 986 vota
233 931 337 994 iacent,
355 930 488 1003 longique
497 930 570 1001 perit
583 929 661 986 labor
671 930 767 986 irritus
778 931 855 986 anni.

161 1008 218 1062 Nec
229 1004 304 1060 coelo
317 1013 444 1063 contenta
457 1022 508 1061 suo
517 1013 559 1060 est
569 1006 643 1061 lovis
656 1006 711 1071 ira,
726 1005 778 1061 sed
788 1006 871 1062 illum

106 1093 145 1137 275
161 1081 306 1137 caeruleus
317 1079 400 1137 frater
411 1082 489 1137 iuvat
500 1080 686 1137 auxiliaribus
697 1081 792 1138 undis.

163 1157 300 1215 Convocat
314 1156 361 1213 hic
373 1174 483 1213 amnes:
500 1158 550 1230 qui
564 1165 711 1230 postquam
721 1165 793 1213 tecta
802 1158 913 1231 tyranni

162 1235 299 1288 intravere
309 1233 368 1288 sui:
390 1235 464 1289 oNon
474 1241 515 1288 est
525 1233 677 1288 hortamine
689 1234 771 1307 longo

163 1326 251 1364 nunc«
261 1309 300 1363 ait
310 1308 473 1364 outendum:
485 1310 560 1366 vires
574 1308 706 1364 effundite
718 1318 836 1366 vestras.

161 1385 206 1440 Sic
220 1402 290 1457 opus
304 1392 358 1454 est;
381 1386 486 1457 aperite
497 1385 592 1440 domos
605 1402 637 1439 ac
650 1385 723 1441 mole
736 1394 840 1441 remota

105 1472 145 1516 280
163 1461 328 1517 fluminibus
338 1461 438 1517 vestris
448 1469 517 1517 totas
527 1461 668 1518 immittite
678 1461 827 1518 habenas«

163 1540 296 1593 Iusserat:
313 1537 344 1592 bi
354 1536 470 1593 redeunt
480 1555 512 1593 ac
522 1536 703 1593 fontibueora
713 1538 848 1599 relaxant.

164 1623 191 1669 et
204 1613 345 1669 defrenato
359 1613 508 1669 volvuntur
518 1614 548 1668 in
558 1630 677 1686 aequora
687 1630 782 1669 cursu.

163 1692 225 1761 Ipse
236 1688 354 1744 tridente
364 1705 415 1743 suo
425 1698 525 1751 terram
536 1690 688 1762 percussit:
706 1696 733 1745 at
742 1689 792 1744 illa

161 1765 313 1828 intremuit,
326 1771 459 1836 motuque
467 1764 528 1820 vias
537 1764 667 1837 patefecit
676 1782 822 1837 aquarum.

106 1851 146 1895 285
165 1839 325 1911 Exspatiata
335 1847 419 1895 ruunt
430 1857 479 1912 per
490 1849 598 1913 apertos
608 1839 722 1896 llumina
731 1857 855 1913 campos,

161 1933 282 1987 cumque
292 1917 358 1970 satis
369 1915 480 1971 arbusta
490 1917 575 1972 simul
591 1916 769 1990 pecudesque
781 1918 914 1989 virosque

161 2000 297 2063 tectaque,
309 2008 430 2063 cumque
440 1991 500 2046 suis
511 1992 623 2064 rapiunt
632 1992 785 2065 penetralia
795 1993 891 2048 sacris.

162 2067 192 2123 Si
205 2084 259 2139 qua
269 2066 368 2121 domus
378 2067 489 2131 mansit,
502 2068 648 2141 potuitque
661 2070 790 2124 resistcre
801 2076 876 2124 tanto

161 2143 297 2199 indeiecta
310 2142 397 2207 malo,
413 2142 524 2198 culmen
535 2152 626 2199 tamur
637 2144 718 2199 altior
728 2144 814 2199 huius

107 2229 146 2273 lec
164 2220 238 2274 unda
248 2220 325 2294 tegit,
338 2235 505 2291 pressaeque
517 2219 601 2275 latent
612 2220 666 2274 sub
676 2221 788 2294 gurgite
798 2228 898 2274 turres.

163 2297 356 2366 Iamquemare
361 2301 388 2351 et
393 2294 476 2351 tellus
481 2293 590 2350 nullum
596 2294 747 2351 discrimen
757 2294 910 2352 habebant:

163 2371 254 2426 omnia
266 2379 366 2443 pontus
379 2380 450 2428 erat:
473 2370 584 2426 deerant
594 2389 705 2444 quoque
716 2372 807 2427 littora
818 2380 912 2444 ponto.

135 2494 139 2502 .
164 2444 287 2518 Occupet
298 2447 344 2502 bic
354 2448 467 2503 collem:
485 2447 584 2522 cymba
595 2447 672 2503 sedet
684 2448 754 2503 alter
762 2447 869 2503 adunca

79 2536 119 2580 rec
134 2524 190 2591 Oet
203 2521 281 2576 ducit
291 2540 381 2578 remos
391 2524 460 2588 illic,
473 2524 522 2578 ubi
533 2540 623 2595 nuper
632 2531 730 2578 ararat.

135 2603 164 2654 in
172 2597 217 2652 ‘lle
228 2615 314 2669 super
324 2607 432 2672 segetes
442 2608 489 2655 aut
498 2616 604 2655 mersae
613 2599 736 2654 culmina
748 2598 832 2654 villae

138 2675 291 2748 Terrvigat:
308 2674 354 2729 hic
364 2692 473 2731 summa
483 2675 590 2747 piscem
601 2674 747 2748 deprendit
755 2675 785 2729 in
796 2674 884 2730 ulmo.

276 2946 311 2974 A
