1876 3480
166 153 216 210 280
359 128 720 207 n.ov1n11uasou1s

164 279 223 327 esso
234 259 310 316 deae.
338 260 485 332 Postquam
498 260 625 332 pietatem
639 259 752 333 publica
764 278 867 326 caussa,

110 348 135 392 to
166 353 270 408 rexque
281 343 385 409 patrem
396 335 472 400 vicit,
486 344 647 408 castumque
658 335 755 393 datura
766 354 885 392 eruorem

165 409 294 467 ilentibus
305 420 366 466 ante
377 427 451 466 aram
462 412 537 467 stetit
549 411 693 486 Iphigenia
706 413 852 482 ministris;

167 489 236 544 victa
248 487 297 542 dea
309 496 359 552 est,
375 487 533 559 nubemque
546 486 634 542 oculis
644 487 757 553 obiecit,
770 497 796 544 et
806 489 873 544 inter

165 563 288 619 officium
302 563 466 635 turbamque
477 564 548 618 sacri
563 580 700 636 vocesque
710 573 869 636 precantum

165 639 306 712 supposita
318 637 403 694 fertur
413 648 534 694 mutasse
544 639 687 713 Mycenida
701 656 793 696 cerva.

110 725 135 768 ³5
164 715 236 788 Ergo
246 714 305 778 ubi,
321 731 375 786 qua
389 714 491 780 decuit,
505 714 587 770 lenita
599 724 640 770 est
650 714 732 770 caede
743 716 838 781 Diana,

166 799 193 844 et
202 790 304 862 pariter
313 789 446 854 Phoebes,
462 791 564 862 pariter
575 791 658 846 maris
671 791 712 847 ira
723 792 850 848 recessit:

164 866 305 937 accipiunt
316 875 411 922 ventos
422 885 435 922 a
448 874 525 940 tergo
537 865 613 921 mille
623 866 742 933 carinae,

166 940 307 1015 multaque
321 959 467 1015 perpessae
477 942 596 1016 Phrygia
607 941 752 1015 potiuntur
762 960 852 998 arena.

202 1015 275 1073 Orbe
286 1016 363 1073 locus
375 1018 512 1075 mediaest
524 1019 595 1074 inter
605 1027 747 1092 terrasque
758 1016 902 1090 fretumque

110 1101 135 1148 to
163 1093 351 1166 coelestesque
362 1092 467 1169 plagas,
484 1093 603 1167 triplicis
614 1094 733 1150 conlinia
744 1093 856 1151 mundi:

166 1167 318 1241 undequod
328 1178 370 1224 est
381 1186 507 1242 usquam,
520 1170 648 1243 quamvis
659 1170 823 1246 regionibus
833 1169 902 1226 absit

166 1245 322 1316 inspicitur,
329 1254 509 1318 penetratque
519 1262 600 1302 cavas
611 1264 665 1302 vox
674 1246 767 1303 omnis
778 1244 813 1302 ad
824 1263 898 1303 aures

165 1320 245 1377 Fama
257 1328 338 1386 tenet,
351 1338 515 1394 summaque
526 1320 638 1377 domum
649 1322 705 1378 sibi
716 1322 787 1398 legit
797 1323 827 1378 in
837 1339 902 1379 arce:

128 1410 131 1429 ¹
165 1395 379 1468 innumerosque
393 1395 484 1452 aditus
498 1415 529 1453 ao
542 1396 619 1453 mille
633 1396 767 1454 foramina
779 1398 859 1454 tectis

110 1478 135 1526 tt
168 1470 282 1537 addidit,
296 1481 323 1527 et
335 1471 421 1528 nullis
434 1471 548 1528 inclusit
558 1472 654 1529 limina
664 1476 763 1547 portis.

164 1546 247 1603 Nocte
258 1546 360 1620 dieque
371 1556 457 1620 patet:
476 1557 529 1605 tota
541 1557 582 1604 est
593 1567 629 1604 ex
637 1566 699 1605 aere
709 1550 830 1615 sonanti,

166 1631 219 1678 tota
231 1622 331 1688 fremit,
346 1640 481 1696 vocesque
488 1623 579 1688 refert,
587 1626 731 1697 iteratque,
739 1625 817 1698 quod
828 1625 899 1681 audit

166 1698 246 1755 Nulla
258 1699 338 1771 quies
350 1701 433 1764 intus,
451 1699 582 1772 nullaque
593 1699 702 1755 silentia
714 1711 803 1773 parte.

164 1774 219 1829 Nec
231 1783 321 1829 tamen
332 1785 373 1830 est
383 1773 495 1839 clamor,
508 1774 556 1830 sed
567 1793 816 1848 parvaemurmura
823 1777 895 1831 vocis

111 1862 135 1903 50
165 1848 256 1922 qualia
266 1849 300 1904 de
311 1850 413 1924 pelagi,
429 1851 452 1905 si
464 1853 528 1922 quis
539 1849 634 1923 procul
647 1851 749 1916 audiat,
764 1851 848 1907 undis

167 1943 226 1981 csse
237 1925 334 1991 solent,
343 1925 488 1999 qualemve
495 1944 603 1992 sonum,
611 1943 697 1999 quum
709 1929 835 2000 luppiter
845 1938 902 1982 atras

167 2002 304 2074 increpuit
315 2003 412 2068 nubes,
425 2011 545 2058 extrema
556 2003 674 2059 tonitrua
685 2002 816 2058 reddunt.

166 2078 240 2134 Atria
254 2078 334 2134 turba
345 2087 431 2147 tenet,
450 2080 563 2134 veniunt
574 2078 634 2134 leve
647 2076 763 2152 vulgus,
784 2088 899 2149 euntque

167 2155 302 2226 mistaque
313 2171 376 2208 cum
389 2155 461 2210 veris
472 2154 576 2226 passim
586 2162 739 2210 commenta
757 2163 888 2228 vagantur

111 2242 135 2284 55
165 2231 252 2285 millia
263 2248 414 2296 rumorum,
431 2229 600 2302 confusaque
613 2229 693 2285 verba
707 2229 841 2284 volutant.

164 2306 185 2361 Ε
197 2307 300 2378 quibus
311 2306 339 2361 hi
356 2323 455 2361 vacuas
469 2305 586 2378 implent
596 2304 772 2361 sermonibus
783 2321 870 2367 aures,

168 2380 196 2435 hi
208 2391 313 2437 narrata
325 2381 416 2438 ferunt
426 2381 489 2446 alio,
503 2398 685 2453 mensuraque
699 2380 755 2436 ficti
835 2396 842 2407 ¹

166 2459 273 2522 crescit,
287 2466 313 2512 et
322 2457 424 2513 auditis
435 2457 542 2529 aliquid
553 2474 640 2512 novus
652 2456 747 2511 adiicit
758 2466 862 2512 auctor.

167 2530 227 2586 Illic
238 2532 399 2599 Credulitas,
416 2532 475 2587 illic
486 2533 646 2587 temerarius
658 2532 748 2596 Error,

115 2618 139 2661 tu
170 2624 293 2679 vanaque
303 2609 417 2664 laetitia
428 2616 478 2673 est,
492 2608 712 2680 consternatique
724 2609 858 2671 Timores,

164 2680 327 2761 Seditioque
338 2701 448 2761 repens,
463 2683 603 2758 dubioque
617 2692 726 2739 auctore
735 2682 859 2740 Susurri.

68 2766 125 2808 ι.
